ia_geo_id	ia_vote_id	fips	county	vap	statefp10	vtdst10	geoid10	vtdi10	name10	namelsad10	lsad10	mtfcc10	funcstat10	aland10	awater10	intptlat10	intptlon10	logrecno	pop100	ia_agg	fraction	precinct	pres_tot	pres_d_08	pres_r_08	uss_d_08	uss_r_08	ush_d_08	ush_r_08	cong_other	ssen_dem	ssen_rep	ssen_other	sh_dem	sh_rep	gov_d_06	gov_r_06	gov_other	ush_d_06	ush_r_06	sh_other	precinct06	x_merge	t_08	p_08	us_08	uh_08	g_06	uh_06	av	ndv	nrv	precinct08
1	"2"	1	"Adair"	114	19	1022	19001001022	"P"	"WASHINGTON TWP"	"WASHINGTON TWP Voting District"	"V2"	"G5240"	"S"	92185161	156769	41.19768	-94.64482	21728	145	"1293"	"0.088167053"	"FONTANELLE COMMUNITY BUILDING"	49.197216	22.12993	27.067286	30.770302	19.13225	29.976799	15.341067	1.675174				15.4292345	34.12065	21.160093	20.278421	0.35266823	17.809744	20.719257		"FONTANELLE COMMUNITY BUILDING"	"3"	49.197216	0.4498208	0.6166078	0.6614786	0.5106383	0.46224257	0.5401576	26.57425	22.62296	"FONTANELLE COMMUNITY BUILDING"
2	"2"	1	"Adair"	137	19	1021	19001001021	"P"	"RICHLAND TWP"	"RICHLAND TWP Voting District"	"V2"	"G5240"	"S"	92233089	70720	41.19646	-94.53013	21657	174	"1293"	"0.105955143"	"FONTANELLE COMMUNITY BUILDING"	59.12297	26.594742	32.52823	36.978344	22.992266	36.02475	18.436195	2.0131478				18.54215	41.00464	25.429234	24.369682	0.42382059	21.402939	24.899458		"FONTANELLE COMMUNITY BUILDING"	"3"	59.12297	0.4498208	0.6166078	0.6614786	0.5106383	0.46224257	0.5401576	31.93572	27.18725	"FONTANELLE COMMUNITY BUILDING"
3	"3"	1	"Adair"	457	19	1020	19001001020	"P"	"ORIENT TWP"	"ORIENT TWP Voting District"	"V2"	"G5240"	"S"	91191176	156199	41.200474	-94.4121	21533	572	"2185"	"0.209153318"	"ORIENT UNITED METHODIST CHURCH & YMCA OF ADAIR COUNTY"	197.85904	98.30206	99.55698	121.30892	77.59588	116.4984	70.06636	6.0654464				70.90298	129.04759	97.88375	85.33456	3.5556064	84.49794	85.96201		"ORIENT UNITED METHODIST CHURCH"	"3"	197.85904	0.49682876	0.6098843	0.6244395	0.53424656	0.49570552	0.5522209	109.2619	88.59714	"ORIENT UNITED METHODIST CHURCH"
4	"3"	1	"Adair"	130	19	1019	19001001019	"P"	"UNION TWP"	"UNION TWP Voting District"	"V2"	"G5240"	"S"	92669530	166199	41.193417	-94.30604	21465	177	"2185"	"0.059496568"	"ORIENT UNITED METHODIST CHURCH & YMCA OF ADAIR COUNTY"	56.283752	27.963387	28.320366	34.50801	22.073227	33.139587	19.93135	1.7254004				20.169336	36.70938	27.844393	24.2746	1.0114416	24.036613	24.453089		"ORIENT UNITED METHODIST CHURCH"	"3"	56.283752	0.49682876	0.6098843	0.6244395	0.53424656	0.49570552	0.5522209	31.08107	25.20269	"ORIENT UNITED METHODIST CHURCH"
5	"4"	1	"Adair"	111	19	1018	19001001018	"P"	"GRAND RIVER TWP"	"GRAND RIVER TWP Voting District"	"V2"	"G5240"	"S"	92785301	247261	41.290344	-94.31147	21389	145	"1398"	"0.079399142"	"STUART RECREATIONAL CENTER"	41.36695	18.341202	23.025751	22.23176	19.45279	24.375536	14.927038	0.9527897				19.135193	22.549356	18.896996	16.75322	0.6351931	17.150215	16.67382		"STUART RECREATIONAL CENTER"	"3"	41.36695	0.44337812	0.53333336	0.620202	0.5300668	0.5070422	0.5268045	21.7923	19.57466	"STUART RECREATIONAL CENTER"
6	"3"	1	"Adair"	1539	19	1017	19001001017	"P"	"GREENFIELD"	"GREENFIELD Voting District"	"V2"	"G5240"	"S"	4697097	0	41.3056	-94.45915	21167	1982	"2185"	"0.704347826"	"ORIENT UNITED METHODIST CHURCH & YMCA OF ADAIR COUNTY"	666.31305	331.0435	335.26956	408.52173	261.31305	392.32175	235.95653	20.426086				238.77391	434.5826	329.6348	287.3739	11.973913	284.55652	289.48697		"ORIENT UNITED METHODIST CHURCH"	"3"	666.31305	0.49682876	0.6098843	0.6244395	0.53424656	0.49570552	0.5522209	367.952	298.361	"ORIENT UNITED METHODIST CHURCH"
7	"3"	1	"Adair"	59	19	1016	19001001016	"P"	"GREENFIELD TWP W/O GREENFIELD"	"GREENFIELD TWP W/O GREENFIELD Voting District"	"V2"	"G5240"	"S"	10165078	18015	41.289783	-94.44465	21125	90	"2185"	"0.027002288"	"ORIENT UNITED METHODIST CHURCH & YMCA OF ADAIR COUNTY"	25.544165	12.691075	12.853089	15.661327	10.017849	15.040275	9.045767	0.78306633				9.153776	16.660412	12.637071	11.016933	0.4590389	10.908924	11.09794		"ORIENT UNITED METHODIST CHURCH"	"3"	25.544165	0.49682876	0.6098843	0.6244395	0.53424656	0.49570552	0.5522209	14.10602	11.43814	"ORIENT UNITED METHODIST CHURCH"
8	"4"	1	"Adair"	171	19	1015	19001001015	"P"	"LEE TWP W/O GREENFIELD"	"LEE TWP W/O GREENFIELD Voting District"	"V2"	"G5240"	"S"	76971506	95684	41.284958	-94.4084	21047	214	"1398"	"0.122317597"	"STUART RECREATIONAL CENTER"	63.727467	28.255365	35.472103	34.248928	29.967812	37.551502	22.995708	1.4678111				29.47854	34.738197	29.111588	25.809013	0.9785408	26.4206	25.686695		"STUART RECREATIONAL CENTER"	"3"	63.727467	0.44337812	0.53333336	0.620202	0.5300668	0.5070422	0.5268045	33.57192	30.15555	"STUART RECREATIONAL CENTER"
9	"2"	1	"Adair"	767	19	1014	19001001014	"P"	"SUMMERSET TWP"	"SUMMERSET TWP Voting District"	"V2"	"G5240"	"S"	92390404	411212	41.286747	-94.53632	20859	996	"1293"	"0.593194122"	"FONTANELLE COMMUNITY BUILDING"	331.00232	148.89172	182.1106	207.02475	128.72313	201.686	103.215775	11.270688				103.80897	229.56613	142.3666	136.43465	2.3727765	119.82521	139.40062		"FONTANELLE COMMUNITY BUILDING"	"3"	331.00232	0.4498208	0.6166078	0.6614786	0.5106383	0.46224257	0.5401576	178.7934	152.2089	"FONTANELLE COMMUNITY BUILDING"
10	"2"	1	"Adair"	143	19	1013	19001001013	"P"	"BRIDGEWATER"	"BRIDGEWATER Voting District"	"V2"	"G5240"	"S"	748447	0	41.2471	-94.66894	20824	182	"1293"	"0.110595514"	"FONTANELLE COMMUNITY BUILDING"	61.712296	27.759474	33.952824	38.597836	23.999228	37.602474	19.24362	2.1013148				19.354216	42.800465	26.542923	25.436968	0.44238207	22.340294	25.989946		"FONTANELLE COMMUNITY BUILDING"	"3"	61.712296	0.4498208	0.6166078	0.6614786	0.5106383	0.46224257	0.5401576	33.33437	28.37793	"FONTANELLE COMMUNITY BUILDING"
11	"2"	1	"Adair"	132	19	1012	19001001012	"P"	"JACKSON TWP W/O BRIDGEWATER"	"JACKSON TWP W/O BRIDGEWATER Voting District"	"V2"	"G5240"	"S"	92276346	110045	41.295612	-94.65179	20739	165	"1293"	"0.102088167"	"FONTANELLE COMMUNITY BUILDING"	56.9652	25.62413	31.341066	35.62877	22.153131	34.709976	17.763342	1.9396752				17.865429	39.50812	24.50116	23.480278	0.40835267	20.621809	23.990719		"FONTANELLE COMMUNITY BUILDING"	"3"	56.9652	0.4498208	0.6166078	0.6614786	0.5106383	0.46224257	0.5401576	30.77019	26.19501	"FONTANELLE COMMUNITY BUILDING"
12	"1"	1	"Adair"	68	19	1011	19001001011	"P"	"EUREKA TWP"	"EUREKA TWP Voting District"	"V2"	"G5240"	"S"	92122690	131772	41.365887	-94.64593	20671	88	"1081"	"0.062904718"	"ADAIR COMMUNITY CENTRE"	35.9815	14.593895	21.387604	21.19889	15.411655	23.840889	10.945421	0.62904716				9.938946	26.357077	14.090657	15.474561	0.56614244	11.826087	16.355227		"ADAIR COMMUNITY CENTRE"	"3"	35.9815	0.4055944	0.5790378	0.6853526	0.47659576	0.41964287	0.5132447	18.46731	17.51418	"ADAIR COMMUNITY CENTRE"
13	"1"	1	"Adair"	137	19	1010	19001001010	"P"	"PRUSSIA TWP"	"PRUSSIA TWP Voting District"	"V2"	"G5240"	"S"	91733796	58277	41.359604	-94.52363	20604	173	"1081"	"0.126734505"	"ADAIR COMMUNITY CENTRE"	72.492134	29.402405	43.089733	42.70953	31.049953	48.03238	22.051804	1.2673451				20.024052	53.101757	28.388529	31.17669	1.1406106	23.826086	32.95097		"ADAIR COMMUNITY CENTRE"	"3"	72.492134	0.4055944	0.5790378	0.6853526	0.47659576	0.41964287	0.5132447	37.2062	35.28593	"ADAIR COMMUNITY CENTRE"
14	"4"	1	"Adair"	125	19	1009	19001001009	"P"	"GROVE TWP"	"GROVE TWP Voting District"	"V2"	"G5240"	"S"	91414881	228298	41.37771	-94.40583	20514	169	"1398"	"0.089413448"	"STUART RECREATIONAL CENTER"	46.584408	20.654507	25.9299	25.035765	21.906294	27.449928	16.809729	1.0729613				21.548641	25.39342	21.280401	18.866238	0.7153076	19.313305	18.776825		"STUART RECREATIONAL CENTER"	"3"	46.584408	0.44337812	0.53333336	0.620202	0.5300668	0.5070422	0.5268045	24.54088	22.04353	"STUART RECREATIONAL CENTER"
15	"4"	1	"Adair"	137	19	1008	19001001008	"P"	"HARRISON TWP"	"HARRISON TWP Voting District"	"V2"	"G5240"	"S"	92790596	76830	41.378952	-94.31116	20440	178	"1398"	"0.097997139"	"STUART RECREATIONAL CENTER"	51.05651	22.637339	28.41917	27.4392	24.009298	30.085121	18.423462	1.1759657				23.61731	27.831188	23.323318	20.677397	0.7839771	21.167381	20.5794		"STUART RECREATIONAL CENTER"	"3"	51.05651	0.44337812	0.53333336	0.620202	0.5300668	0.5070422	0.5268045	26.8968	24.15971	"STUART RECREATIONAL CENTER"
16	"4"	1	"Adair"	543	19	1007	19001001007	"P"	"STUART IN ADAIR COUNTY"	"STUART IN ADAIR COUNTY Voting District"	"V2"	"G5240"	"S"	4418716	0	41.495068	-94.3219	20351	699	"1398"	"0.388412017"	"STUART RECREATIONAL CENTER"	202.36266	89.723175	112.63949	108.75536	95.16094	119.24249	73.02146	4.660944				93.6073	110.30901	92.44206	81.95493	3.1072962	83.896996	81.56652		"STUART RECREATIONAL CENTER"	"3"	202.36266	0.44337812	0.53333336	0.620202	0.5300668	0.5070422	0.5268045	106.6056	95.7571	"STUART RECREATIONAL CENTER"
17	"4"	1	"Adair"	176	19	1006	19001001006	"P"	"LINCOLN TWP W/O STUART"	"LINCOLN TWP W/O STUART Voting District"	"V2"	"G5240"	"S"	87938459	20146	41.453354	-94.28929	20257	227	"1398"	"0.125894134"	"STUART RECREATIONAL CENTER"	65.59084	29.081545	36.5093	35.25036	30.844063	38.649498	23.668097	1.5107297				30.340487	35.753933	29.962805	26.563662	1.007153	27.193132	26.437769		"STUART RECREATIONAL CENTER"	"3"	65.59084	0.44337812	0.53333336	0.620202	0.5300668	0.5070422	0.5268045	34.55355	31.03729	"STUART RECREATIONAL CENTER"
18	"4"	1	"Adair"	135	19	1005	19001001005	"P"	"JEFFERSON TWP"	"JEFFERSON TWP Voting District"	"V2"	"G5240"	"S"	91661157	242529	41.46052	-94.413795	20150	163	"1398"	"0.096566524"	"STUART RECREATIONAL CENTER"	50.311157	22.306868	28.004292	27.038626	23.658798	29.645924	18.154507	1.1587983				23.272532	27.424892	22.982832	20.375536	0.77253217	20.85837	20.27897		"STUART RECREATIONAL CENTER"	"3"	50.311157	0.44337812	0.53333336	0.620202	0.5300668	0.5070422	0.5268045	26.50414	23.80701	"STUART RECREATIONAL CENTER"
19	"1"	1	"Adair"	7	19	1004	19001001004	"P"	"CASEY IN ADAIR COUNTY"	"CASEY IN ADAIR COUNTY Voting District"	"V2"	"G5240"	"S"	458406	0	41.502026	-94.52123	20131	10	"1081"	"0.006475486"	"ADAIR COMMUNITY CENTRE"	3.7039778	1.5023127	2.2016652	2.1822386	1.586494	2.454209	1.1267345	0.06475486				1.0231267	2.7132285	1.4505088	1.5929694	0.058279373	1.2173913	1.6836263		"ADAIR COMMUNITY CENTRE"	"3"	3.7039778	0.4055944	0.5790378	0.6853526	0.47659576	0.41964287	0.5132447	1.901047	1.802931	"ADAIR COMMUNITY CENTRE"
20	"1"	1	"Adair"	128	19	1003	19001001003	"P"	"WALNUT TWP W/O CASEY"	"WALNUT TWP W/O CASEY Voting District"	"V2"	"G5240"	"S"	91508743	265714	41.455425	-94.52643	20051	166	"1081"	"0.118408881"	"ADAIR COMMUNITY CENTRE"	67.72988	27.47086	40.259018	39.903793	29.010176	44.876965	20.603146	1.1840888				18.708603	49.61332	26.52359	29.128584	1.0656799	22.26087	30.786308		"ADAIR COMMUNITY CENTRE"	"3"	67.72988	0.4055944	0.5790378	0.6853526	0.47659576	0.41964287	0.5132447	34.762	32.96788	"ADAIR COMMUNITY CENTRE"
21	"1"	1	"Adair"	154	19	1002	19001001002	"P"	"SUMMIT TWP W/O ADAIR"	"SUMMIT TWP W/O ADAIR Voting District"	"V2"	"G5240"	"S"	88267501	99196	41.4577	-94.64086	19963	205	"1081"	"0.142460685"	"ADAIR COMMUNITY CENTRE"	81.48751	33.05088	48.436634	48.00925	34.902866	53.9926	24.788158	1.4246068				22.50879	59.69103	31.911194	35.04533	1.2821462	26.782608	37.03978		"ADAIR COMMUNITY CENTRE"	"3"	81.48751	0.4055944	0.5790378	0.6853526	0.47659576	0.41964287	0.5132447	41.82303	39.66448	"ADAIR COMMUNITY CENTRE"
22	"1"	1	"Adair"	587	19	1001	19001001001	"P"	"ADAIR IN ADAIR COUNTY"	"ADAIR IN ADAIR COUNTY Voting District"	"V2"	"G5240"	"S"	3776087	43131	41.496403	-94.64421	19848	762	"1081"	"0.543015726"	"ADAIR COMMUNITY CENTRE"	310.60498	125.979645	184.62535	182.99629	133.03885	205.80296	94.48473	5.430157				85.796486	227.52359	121.63552	133.58186	4.8871417	102.08696	141.18408		"ADAIR COMMUNITY CENTRE"	"3"	310.60498	0.4055944	0.5790378	0.6853526	0.47659576	0.41964287	0.5132447	159.4164	151.1886	"ADAIR COMMUNITY CENTRE"
23	"1783"	3	"Adams"	154	19	3014	19003003014	"P"	"GRANT TWP W/O LENOX"	"GRANT TWP W/O LENOX Voting District"	"V2"	"G5240"	"S"	92300699	260453	40.935593	-94.53723	23041	201	"506"	"0.304347826"	"SE ADAMS"	0.0							3.9565217					47.173912	30.73913	32.869564	0.9130435	30.130434	29.52174		"SE Adams"	"2"					0.4832536	0.50510204	0.4941778			
24	"1783"	3	"Adams"	113	19	3013	19003003013	"P"	"MERCER TWP"	"MERCER TWP Voting District"	"V2"	"G5240"	"S"	92587945	146368	40.93241	-94.65271	22951	153	"506"	"0.223320158"	"SE ADAMS"	0.0							2.903162					34.614624	22.555336	24.118578	0.6699605	22.108696	21.662056		"SE Adams"	"2"					0.4832536	0.50510204	0.4941778			
25	"1773"	3	"Adams"	269	19	3012	19003003012	"P"	"JASPER TWP W/O CORNING"	"JASPER TWP W/O CORNING Voting District"	"V2"	"G5240"	"S"	91190597	251625	40.939526	-94.760925	22845	312	"1736"	"0.154953917"	"CORNING 1A, 1B, 2A, 2B, 3A and 3B, American Legion CG1a and Community Center and Redeemer Lutheran Church"	143.64229	132.4856	128.61176	133.88019	127.372116	128.4568	131.24597	118.384796	131.09102	129.23157	118.07488	128.4568	132.17569	117.45507	117.45507	117.45507	117.45507	117.45507		"CORNING 1A"	"2"	143.64229	0.5074184	0.5124555	0.49463007	0.5	0.5	0.5029008	72.23782	71.40447	
26	"1779"	3	"Adams"	180	19	3011	19003003011	"P"	"NODAWAY TWP"	"NODAWAY TWP Voting District"	"V2"	"G5240"	"S"	91123822	34386	40.935474	-94.861496	22718	235	"180"	"1"	"NODAWAY & Nodaway Community Building"	121.0	43.0	78.0	64.0	57.0	34.0	79.0	11.0	42.0	71.0	4.0	54.0	138.0	49.0	49.0	1.0	38.0	52.0		"NODAWAY"	"2"	121.0	0.3553719	0.5289256	0.30088496	0.5	0.42222223	0.4214809	50.99919	70.00081	
27	"1772"	3	"Adams"	28	19	3010	19003003010	"P"	"CARBON"	"CARBON Voting District"	"V2"	"G5240"	"S"	1828417	0	41.04966	-94.824005	22692	34	"429"	"0.065268065"	"CARBON & Carbon United Methodist hall"	13.314685	6.787879	6.5268064	7.4405594	5.74359	5.613054	6.918415	0.9137529	6.331002	6.200466	0.5221445	5.090909	16.969696	5.417249	6.265734	0.32634032	4.5687647	6.6573424		"CARBON"	"2"	13.314685	0.50980395	0.56435645	0.44791666	0.46368715	0.40697673	0.4785482	6.371718	6.942966	
28	"1772"	3	"Adams"	102	19	3009	19003003009	"P"	"DOUGLAS TWP W/O CARBON"	"DOUGLAS TWP W/O CARBON Voting District"	"V2"	"G5240"	"S"	88283562	181188	41.023964	-94.87739	22620	124	"429"	"0.237762238"	"CARBON & Carbon United Methodist hall"	48.503498	24.727272	23.776224	27.104895	20.923077	20.447552	25.202797	3.3286712	23.062937	22.587412	1.902098	18.545454	61.81818	19.734266	22.825174	1.1888112	16.643356	24.251749		"CARBON"	"2"	48.503498	0.50980395	0.56435645	0.44791666	0.46368715	0.40697673	0.4785482	23.21126	25.29224	
29	"1773"	3	"Adams"	1289	19	3008	19003003008	"P"	"CORNING W/QUINCY TWP PART"	"CORNING W/QUINCY TWP PART Voting District"	"V2"	"G5240"	"S"	4120329	9352	40.992794	-94.73972	22418	1635	"1736"	"0.742511521"	"CORNING 1A, 1B, 2A, 2B, 3A and 3B, American Legion CG1a and Community Center and Redeemer Lutheran Church"	688.30817	634.84735	616.28455	641.52997	610.3445	615.54205	628.9073	567.2788	628.16473	619.25464	565.79376	615.54205	633.3623	562.8237	562.8237	562.8237	562.8237	562.8237		"CORNING 1A"	"2"	688.30817	0.5074184	0.5124555	0.49463007	0.5	0.5	0.5029008	346.1507	342.1574	
30	"1773"	3	"Adams"	178	19	3007	19003003007	"P"	"QUINCY TWP PART W/O CORNING"	"QUINCY TWP PART W/O CORNING Voting District"	"V2"	"G5240"	"S"	84674963	3631177	41.034283	-94.76262	22324	230	"1736"	"0.102534562"	"CORNING 1A, 1B, 2A, 2B, 3A and 3B, American Legion CG1a and Community Center and Redeemer Lutheran Church"	95.04954	87.66705	85.10368	88.58986	84.28341	85.00115	86.84677	78.3364	86.74424	85.513824	78.13134	85.00115	87.46198	77.7212	77.7212	77.7212	77.7212	77.7212		"CORNING 1A"	"2"	95.04954	0.5074184	0.5124555	0.49463007	0.5	0.5	0.5029008	47.80049	47.24905	
31	"1780"	3	"Adams"	329	19	3006	19003003006	"P"	"PRESCOTT TWP"	"PRESCOTT TWP Voting District"	"V2"	"G5240"	"S"	91976854	162943	41.02475	-94.64611	22188	424	"329"	"1"	"PRESCOTT & Prescott City Hall"	162.0	88.0	74.0	107.0	59.0	69.0	82.0	22.0	87.0	65.0	12.0	86.0	194.0	78.0	67.0	7.0	72.0	62.0		"PRESCOTT"	"2"	162.0	0.54320985	0.64457834	0.45695364	0.537931	0.53731346	0.5439973	88.12756	73.87244	
32	"1783"	3	"Adams"	104	19	3005	19003003005	"P"	"UNION TWP"	"UNION TWP Voting District"	"V2"	"G5240"	"S"	91115844	58904	41.02682	-94.52771	22102	144	"506"	"0.205533597"	"SE ADAMS"	0.0							2.6719368					31.857708	20.758894	22.197628	0.6166008	20.347826	19.936758		"SE Adams"	"2"					0.4832536	0.50510204	0.4941778			
33	"1783"	3	"Adams"	135	19	3004	19003003004	"P"	"COLONY TWP"	"COLONY TWP Voting District"	"V2"	"G5240"	"S"	92214759	13434	41.109573	-94.52857	22020	174	"506"	"0.266798419"	"SE ADAMS"	0.0							3.4683795					41.353756	26.94664	28.81423	0.80039525	26.413044	25.879446		"SE Adams"	"2"					0.4832536	0.50510204	0.4941778			
34	"1772"	3	"Adams"	124	19	3003	19003003003	"P"	"CARL TWP"	"CARL TWP Voting District"	"V2"	"G5240"	"S"	92219163	473026	41.1093	-94.64926	21944	149	"429"	"0.289044289"	"CARBON & Carbon United Methodist hall"	58.965034	30.060606	28.904428	32.95105	25.435898	24.85781	30.638695	4.04662	28.037296	27.459208	2.3123543	22.545454	75.15151	23.990677	27.748251	1.4452214	20.2331	29.482517		"CARBON"	"2"	58.965034	0.50980395	0.56435645	0.44791666	0.46368715	0.40697673	0.4785482	28.21761	30.74742	
35	"1772"	3	"Adams"	109	19	3002	19003003002	"P"	"WASHINGTON TWP"	"WASHINGTON TWP Voting District"	"V2"	"G5240"	"S"	92103970	60338	41.111126	-94.75516	21883	135	"429"	"0.254079254"	"CARBON & Carbon United Methodist hall"	51.83217	26.424242	25.407925	28.965034	22.358974	21.850817	26.932402	3.5571096	24.645687	24.13753	2.032634	19.818182	66.06061	21.088577	24.39161	1.2703962	17.785547	25.916084		"CARBON"	"2"	51.83217	0.50980395	0.56435645	0.44791666	0.46368715	0.40697673	0.4785482	24.80419	27.02798	
36	"1772"	3	"Adams"	66	19	3001	19003003001	"P"	"LINCOLN TWP"	"LINCOLN TWP Voting District"	"V2"	"G5240"	"S"	90709774	0	41.11533	-94.87116	21823	79	"429"	"0.153846154"	"CARBON & Carbon United Methodist hall"	31.384615	16.0	15.384615	17.538462	13.538462	13.230769	16.307692	2.1538463	14.923077	14.615385	1.2307693	12.0	40.0	12.769231	14.769231	0.7692308	10.769231	15.692307		"CARBON"	"2"	31.384615	0.50980395	0.56435645	0.44791666	0.46368715	0.40697673	0.4785482	15.01905	16.36556	
37	"NA"	3	"Adams"	0	19	3015	19003003015	"P"	"LENOX IN ADAMS COUNTY"	"LENOX IN ADAMS COUNTY Voting District"	"V2"	"G5240"	"S"	250035	70229	40.90052	-94.551186	23110	0	"NA"	"NA"	"NA"																				"NA"	"NA"										"NA"
38	"13"	5	"Allamakee"	208	19	5020	19005005020	"P"	"FAIRVIEW TWP"	"FAIRVIEW TWP Voting District"	"V2"	"G5240"	"S"	62907308	3327989	43.108982	-91.212036	24875	240	"781"	"0.266325224"	"FV/TL/HF CITY"	87.621	57.52625	30.09475	62.320103	23.170294	45.541615	38.350834		50.33547	36.486557		52.199745	32.758003	48.737514	19.441742	1.3316262	40.481434	26.632523		"FV/TL/HF CITY"	"3"	87.621	0.65653497	0.72897196	0.54285717	0.71484375	0.6031746	0.6492765	56.89026	30.73075	"FV/TL/HF CITY"
39	"15"	5	"Allamakee"	232	19	5019	19005005019	"P"	"LINTON TWP"	"LINTON TWP Voting District"	"V2"	"G5240"	"S"	81660162	0	43.127834	-91.317	24820	305	"620"	"0.374193548"	"PC/LT/WV CITY"	106.645164	48.64516	58.0	64.36129	41.535484	31.058065	71.84516		42.28387	63.23871		42.28387	61.36774	40.412903	43.780643	1.1225806	29.935484	52.76129		"PC/LT/WV CITY"	"3"	106.645164	0.45614034	0.60777384	0.3018182	0.48	0.36199096	0.4415447	47.0886	59.55656	"PC/LT/WV CITY"
40	"16"	5	"Allamakee"	298	19	5018	19005005018	"P"	"FRANKLIN TWP"	"FRANKLIN TWP Voting District"	"V2"	"G5240"	"S"	92311664	0	43.1246	-91.42958	24733	408	"523"	"0.569789675"	"PO/FK TWP"	131.05162	56.978966	74.072655	67.23518	63.246655	25.070745	104.8413		38.745697	92.30593		40.455067	88.88719	43.304016	61.537285	2.8489485	29.629063	73.50287		"PO/FK TWP"	"3"	131.05162	0.4347826	0.5152838	0.19298245	0.41304347	0.2872928	0.368677	48.31572	82.7359	"PO/FK TWP"
41	"17"	5	"Allamakee"	1327	19	5017	19005005017	"P"	"POSTVILLE IN ALLAMAKEE COUNTY"	"POSTVILLE IN ALLAMAKEE COUNTY Voting District"	"V2"	"G5240"	"S"	3479660	0	43.087574	-91.56941	24653	1947	"1327"	"1"	"PV CITY"	401.0	182.0	219.0	220.0	166.0	127.0	255.0		152.0	243.0		146.0	242.0	165.0	193.0	5.0	111.0	229.0		"PV CITY"	"3"	401.0	0.45386535	0.5699482	0.33246073	0.46089387	0.32647058	0.4287277	171.9198	229.0802	"PV CITY"
42	"16"	5	"Allamakee"	225	19	5016	19005005016	"P"	"POST TWP W/O POSTVILLE"	"POST TWP W/O POSTVILLE Voting District"	"V2"	"G5240"	"S"	87563151	0	43.126347	-91.54597	24591	274	"523"	"0.430210325"	"PO/FK TWP"	98.94837	43.021034	55.92734	50.76482	47.753345	18.929255	79.1587		29.254303	69.69407		30.544933	67.11281	32.695984	46.462715	2.1510515	22.370937	55.49713		"PO/FK TWP"	"3"	98.94837	0.4347826	0.5152838	0.19298245	0.41304347	0.2872928	0.368677	36.47999	62.46838	"PO/FK TWP"
43	"20"	5	"Allamakee"	3112	19	5015	19005005015	"P"	"WAUKON W/LUDLOW TWP & MAKEE TWP PARTS"	"WAUKON W/LUDLOW TWP & MAKEE TWP PARTS Voting District"	"V2"	"G5240"	"S"	7486901	0	43.268326	-91.47806	24397	3906	"3112"	"1"	"WK 1,2,3 CITY"	1124.0	617.0	507.0	706.0	412.0	402.0	713.0		538.0	590.0		545.0	567.0	533.0	419.0	13.0	392.0	498.0		"WK 1 CITY"	"3"	395.0	0.5489324	0.6314848	0.36053813	0.55987394	0.44044945	0.5082557	200.761	194.239	"WK 1 CITY"
44	"19"	5	"Allamakee"	411	19	5014	19005005014	"P"	"LUDLOW TWP PART W/O WAUKON"	"LUDLOW TWP PART W/O WAUKON Voting District"	"V2"	"G5240"	"S"	90760510	0	43.21148	-91.54641	24323	546	"1786"	"0.23012318"	"UP/MK/FC/JF/LL"	164.99832	79.16238	85.835945	98.262596	64.20437	49.476482	111.60974		76.17078	88.13718		69.267075	91.58903	68.576706	65.35498	1.8409854	50.627098	81.23348		"UP/MK/FC/JF/LL"	"3"	164.99832	0.47977686	0.60481584	0.30714285	0.5120275	0.38394415	0.4575414	75.49357	89.50475	"UP/MK/FC/JF/LL"
45	"19"	5	"Allamakee"	417	19	5013	19005005013	"P"	"JEFFERSON TWP W/O WAUKON"	"JEFFERSON TWP W/O WAUKON Voting District"	"V2"	"G5240"	"S"	91950490	0	43.211033	-91.42891	24249	606	"1786"	"0.233482643"	"UP/MK/FC/JF/LL"	167.40706	80.31803	87.08903	99.69709	65.141655	50.19877	113.23908		77.28275	89.42385		70.278275	92.926094	69.57783	66.30907	1.8678612	51.36618	82.41937		"UP/MK/FC/JF/LL"	"3"	167.40706	0.47977686	0.60481584	0.30714285	0.5120275	0.38394415	0.4575414	76.59566	90.81139	"UP/MK/FC/JF/LL"
46	"15"	5	"Allamakee"	388	19	5012	19005005012	"P"	"PAINT CREEK TWP"	"PAINT CREEK TWP Voting District"	"V2"	"G5240"	"S"	93901576	0	43.210876	-91.310394	24174	544	"620"	"0.625806452"	"PC/LT/WV CITY"	178.35484	81.354836	97.0	107.63871	69.464516	51.941936	120.15484		70.716125	105.76129		70.716125	102.632256	67.5871	73.21935	1.8774194	50.064518	88.23871		"PC/LT/WV CITY"	"3"	178.35484	0.45614034	0.60777384	0.3018182	0.48	0.36199096	0.4415447	78.75163	99.60322	"PC/LT/WV CITY"
47	"13"	5	"Allamakee"	573	19	5011	19005005011	"P"	"TAYLOR TWP"	"TAYLOR TWP Voting District"	"V2"	"G5240"	"S"	107655173	21166589	43.21075	-91.1786	23970	662	"781"	"0.733674776"	"FV/TL/HF CITY"	241.379	158.47375	82.90525	171.6799	63.829704	125.45839	105.64917		138.66454	100.51344		143.80026	90.242	134.26248	53.558258	3.6683738	111.51856	73.36748		"FV/TL/HF CITY"	"3"	241.379	0.65653497	0.72897196	0.54285717	0.71484375	0.6031746	0.6492765	156.7217	84.65729	"FV/TL/HF CITY"
48	"14"	5	"Allamakee"	361	19	5010	19005005010	"P"	"LAFAYETTE TWP"	"LAFAYETTE TWP Voting District"	"V2"	"G5240"	"S"	111794317	6834078	43.289734	-91.15433	23879	421	"1770"	"0.203954802"	"LF/CN/LS/LS CITY"	164.18361	100.75367	63.429943	107.07627	55.475708	76.2791	84.43729		87.49661	76.07514		92.79944	65.26553	85.253105	56.08757	2.4474576	74.23955	59.75876		"LF/CN/LS/LS CITY"	"3"	164.18361	0.61366457	0.6587202	0.4746193	0.6031746	0.55403346	0.5808424	95.36481	68.8188	"LF/CN/LS/LS CITY"
49	"14"	5	"Allamakee"	252	19	5009	19005005009	"P"	"CENTER TWP"	"CENTER TWP Voting District"	"V2"	"G5240"	"S"	94381708	0	43.29789	-91.30976	23802	329	"1770"	"0.142372881"	"LF/CN/LS/LS CITY"	114.61017	70.33221	44.277966	74.745766	38.72542	53.24746	58.94237		61.077965	53.105083		64.77966	45.559322	59.511864	39.152542	1.7084745	51.82373	41.715256		"LF/CN/LS/LS CITY"	"3"	114.61017	0.61366457	0.6587202	0.4746193	0.6031746	0.55403346	0.5808424	66.57045	48.03972	"LF/CN/LS/LS CITY"
50	"19"	5	"Allamakee"	421	19	5008	19005005008	"P"	"MAKEE TWP PART W/O WAUKON"	"MAKEE TWP PART W/O WAUKON Voting District"	"V2"	"G5240"	"S"	86474584	0	43.300266	-91.4254	23743	567	"1786"	"0.235722284"	"UP/MK/FC/JF/LL"	169.01288	81.08846	87.924416	100.65341	65.76652	50.68029	114.32531		78.02408	90.28163		70.95241	93.81747	70.24524	66.94513	1.8857783	51.858902	83.20997		"UP/MK/FC/JF/LL"	"3"	169.01288	0.47977686	0.60481584	0.30714285	0.5120275	0.38394415	0.4575414	77.3304	91.68248	"UP/MK/FC/JF/LL"
51	"19"	5	"Allamakee"	370	19	5007	19005005007	"P"	"UNION PRAIRIE TWP W/O WAUKON"	"UNION PRAIRIE TWP W/O WAUKON Voting District"	"V2"	"G5240"	"S"	90912371	0	43.29854	-91.546425	23698	504	"1786"	"0.207166853"	"UP/MK/FC/JF/LL"	148.53864	71.265396	77.27324	88.46024	57.799553	44.540874	100.47592		68.57223	79.3449		62.357224	82.45241	61.73572	58.83539	1.6573348	45.576706	73.1299		"UP/MK/FC/JF/LL"	"3"	148.53864	0.47977686	0.60481584	0.30714285	0.5120275	0.38394415	0.4575414	67.96258	80.57606	"UP/MK/FC/JF/LL"
52	"23"	5	"Allamakee"	149	19	5006	19005005006	"P"	"HANOVER TWP"	"HANOVER TWP Voting District"	"V2"	"G5240"	"S"	93177178	291	43.37861	-91.556076	23640	193	"366"	"0.407103825"	"WL/HV"	67.172134	44.374317	22.797813	45.595627	20.762295	30.93989	36.23224		40.30328	26.868853		42.745903	22.797813	35.01093	20.762295	2.8497267	32.97541	23.612022		"WL/HV"	"3"	67.172134	0.6606061	0.68711656	0.46060607	0.6277372	0.5827338	0.6037599	40.55584	26.61629	"WL/HV"
53	"19"	5	"Allamakee"	167	19	5005	19005005005	"P"	"FRENCH CREEK TWP"	"FRENCH CREEK TWP Voting District"	"V2"	"G5240"	"S"	94677365	0	43.384975	-91.43017	23585	225	"1786"	"0.093505039"	"UP/MK/FC/JF/LL"	67.04311	32.165733	34.87738	39.92665	26.087906	20.103584	45.349945		30.950169	35.81243		28.145018	37.215004	27.864502	26.555431	0.7480403	20.571108	33.00728		"UP/MK/FC/JF/LL"	"3"	67.04311	0.47977686	0.60481584	0.30714285	0.5120275	0.38394415	0.4575414	30.675	36.36811	"UP/MK/FC/JF/LL"
54	"14"	5	"Allamakee"	1157	19	5004	19005005004	"P"	"LANSING TWP"	"LANSING TWP Voting District"	"V2"	"G5240"	"S"	117902459	11788414	43.37393	-91.26156	23415	1424	"1770"	"0.653672316"	"LF/CN/LS/LS CITY"	526.20624	322.91412	203.29208	343.17798	177.79887	244.47345	270.62033		280.4254	243.81978		297.4209	209.17514	273.23502	179.75989	7.8440676	237.93672	191.52599		"LF/CN/LS/LS CITY"	"3"	526.20624	0.61366457	0.6587202	0.4746193	0.6031746	0.55403346	0.5808424	305.6429	220.5633	"LF/CN/LS/LS CITY"
55	"18"	5	"Allamakee"	562	19	5003	19005005003	"P"	"IOWA TWP"	"IOWA TWP Voting District"	"V2"	"G5240"	"S"	88818924	7816869	43.450096	-91.292305	23292	744	"735"	"0.76462585"	"UC/IA/NA CITY"	308.90884	138.39728	170.51157	182.74557	129.98639	117.75238	193.45033		146.04353	167.45306		149.10204	159.04218	111.635376	129.98639	3.0585034	99.40136	139.16191		"UC/IA/NA CITY"	"3"	308.90884	0.4480198	0.5843521	0.3783784	0.4620253	0.41666666	0.4578885	141.4458	167.4631	"UC/IA/NA CITY"
56	"18"	5	"Allamakee"	173	19	5002	19005005002	"P"	"UNION CITY TWP"	"UNION CITY TWP Voting District"	"V2"	"G5240"	"S"	79472064	61000	43.471375	-91.426216	23227	219	"735"	"0.23537415"	"UC/IA/NA CITY"	95.091156	42.602722	52.488434	56.25442	40.013607	36.24762	59.54966		44.956463	51.54694		45.89796	48.957825	34.364624	40.013607	0.9414966	30.598639	42.838097		"UC/IA/NA CITY"	"3"	95.091156	0.4480198	0.5843521	0.3783784	0.4620253	0.41666666	0.4578885	43.54114	51.55001	"UC/IA/NA CITY"
57	"23"	5	"Allamakee"	217	19	5001	19005005001	"P"	"WATERLOO TWP"	"WATERLOO TWP Voting District"	"V2"	"G5240"	"S"	77926928	0	43.4645	-91.55089	23164	266	"366"	"0.592896175"	"WL/HV"	97.827866	64.62569	33.202187	66.40437	30.237705	45.06011	52.76776		58.69672	39.13115		62.254097	33.202187	50.98907	30.237705	4.1502733	48.02459	34.387978		"WL/HV"	"3"	97.827866	0.6606061	0.68711656	0.46060607	0.6277372	0.5827338	0.6037599	59.06455	38.76332	"WL/HV"
58	"30"	7	"Appanoose"	162	19	7021	19007007021	"P"	"FRANKLIN TWP"	"FRANKLIN TWP Voting District"	"V2"	"G5240"	"S"	87867128	79579	40.63096	-93.039474	26806	269	"757"	"0.214002642"	"PLEASANT FRANKLIN"	54.35667	26.108322	28.248348	30.81638	22.256275	21.82827	26.322325	1.4980185				30.602377	21.82827	22.898283	17.976221	1.2840159	17.762218	22.470278		"Pleasant Franklin"	"3"	54.35667	0.48031497	0.58064514	0.45333332	0.56020945	0.44148937	0.5031984	27.35219	27.00448	"Pleasant Franklin"
59	"30"	7	"Appanoose"	595	19	7020	19007007020	"P"	"PLEASANT TWP"	"PLEASANT TWP Voting District"	"V2"	"G5240"	"S"	101354005	56676	40.634598	-92.93217	26723	793	"757"	"0.785997358"	"PLEASANT FRANKLIN"	199.64333	95.89168	103.75165	113.18362	81.74373	80.17173	96.67767	5.5019817				112.39762	80.17173	84.101715	66.02378	4.7159843	65.23778	82.529724		"Pleasant Franklin"	"3"	199.64333	0.48031497	0.58064514	0.45333332	0.56020945	0.44148937	0.5031984	100.4602	99.18311	"Pleasant Franklin"
60	"25"	7	"Appanoose"	330	19	7019	19007007019	"P"	"CALDWELL TWP"	"CALDWELL TWP Voting District"	"V2"	"G5240"	"S"	100045483	21215	40.630596	-92.81682	26626	425	"330"	"1"	"CALDWELL"	183.0	81.0	102.0	97.0	85.0	72.0	100.0	2.0				117.0	63.0	64.0	58.0	3.0	57.0	65.0		"Caldwell"	"3"	183.0	0.44262296	0.53296703	0.41860464	0.52459013	0.46721312	0.4771996	87.32752	95.67248	"Caldwell"
61	"36"	7	"Appanoose"	447	19	7018	19007007018	"P"	"MOULTON"	"MOULTON Voting District"	"V2"	"G5240"	"S"	2613264	0	40.68541	-92.67652	26536	605	"750"	"0.596"	"WASHINGTON WELLS"	205.62	79.268	126.352	112.644	98.34	88.804	109.068	4.768				129.928	78.672	85.824	88.804	1.788	64.368	103.704		"Washington Wells"	"3"	205.62	0.38550726	0.5338983	0.44879517	0.49146757	0.38297874	0.4485294	92.22661	113.3934	"Washington Wells"
62	"36"	7	"Appanoose"	145	19	7017	19007007017	"P"	"WELLS TWP W/O MOULTON"	"WELLS TWP W/O MOULTON Voting District"	"V2"	"G5240"	"S"	98819791	230594	40.63134	-92.699295	26453	189	"750"	"0.193333333"	"WASHINGTON WELLS"	66.7	25.713333	40.986668	36.54	31.9	28.806667	35.38	1.5466666				42.146667	25.52	27.84	28.806667	0.58	20.88	33.64		"Washington Wells"	"3"	66.7	0.38550726	0.5338983	0.44879517	0.49146757	0.38297874	0.4485294	29.91691	36.78309	"Washington Wells"
63	"36"	7	"Appanoose"	158	19	7016	19007007016	"P"	"WASHINGTON TWP W/O MOULTON"	"WASHINGTON TWP W/O MOULTON Voting District"	"V2"	"G5240"	"S"	91424557	175374	40.72903	-92.69995	26378	198	"750"	"0.210666667"	"WASHINGTON WELLS"	72.68	28.018667	44.661335	39.816	34.76	31.389334	38.552	1.6853334				45.925335	27.808	30.336	31.389334	0.632	22.752	36.656		"Washington Wells"	"3"	72.68	0.38550726	0.5338983	0.44879517	0.49146757	0.38297874	0.4485294	32.59912	40.08088	"Washington Wells"
64	"34"	7	"Appanoose"	159	19	7015	19007007015	"P"	"SHARON TWP"	"SHARON TWP Voting District"	"V2"	"G5240"	"S"	62140287	31968	40.727837	-92.795815	26317	199	"5211"	"0.030512378"	"VERMILLION DOUGLAS SHARON CENTREVILLE 1,2,3"	55.99021	25.3863	30.603914	32.19056	23.73863	22.33506	30.390327	1.0984457				35.27231	19.89407	24.562464	22.792746	0.61024755	19.192286	27.583189		"Vermillion Douglas Sharon"	"3"	10.191134	0.453406	0.5755592	0.4236111	0.5186856	0.4103066	0.4763137	4.854177	5.336957	"Vermillion Douglas Sharon"
65	"34"	7	"Appanoose"	4913	19	7014	19007007014	"P"	"VERMILLION TWP W/CENTERVILLE"	"VERMILLION TWP W/CENTERVILLE Voting District"	"V2"	"G5240"	"S"	69190496	617081	40.73124	-92.86599	25964	6336	"5211"	"0.94281328"	"VERMILLION DOUGLAS SHARON CENTREVILLE 1,2,3"	1730.0624	784.42065	945.6417	994.668	733.5087	690.13934	939.04205	33.941277				1089.8922	614.71423	758.96466	704.2815	18.856266	593.02954	852.3032		"Vermillion Douglas Sharon"	"3"	314.89963	0.453406	0.5755592	0.4236111	0.5186856	0.4103066	0.4763137	149.991	164.9086	"Vermillion Douglas Sharon"
66	"35"	7	"Appanoose"	331	19	7013	19007007013	"P"	"MYSTIC W/WALNUT TWP PART"	"MYSTIC W/WALNUT TWP PART Voting District"	"V2"	"G5240"	"S"	7857696	0	40.778908	-92.94453	25898	436	"702"	"0.471509972"	"WALNUT"	133.90883	64.12536	69.78348	76.38461	57.052708	59.410255	62.239315	3.7720797				82.04273	49.50855	57.524216	43.850426	4.24359	48.56553	52.33761		"Walnut"	"3"	133.90883	0.47887325	0.5724382	0.4883721	0.5674419	0.4813084	0.5176868	69.32283	64.586	"Walnut"
67	"24"	7	"Appanoose"	78	19	7012	19007007012	"P"	"NUMA"	"NUMA Voting District"	"V2"	"G5240"	"S"	1146642	0	40.685406	-92.97999	25867	92	"583"	"0.133790738"	"BELLAIR LINCOLN"	28.363636	10.168096	18.19554	14.716981	14.181818	11.238422	16.054888	0.6689537				17.794168	11.104631	11.372212	12.576329	0.40137222	7.3584905	16.32247		"Bellair Lincoln"	"3"	28.363636	0.35849056	0.5092593	0.4117647	0.47486034	0.31073445	0.4130219	11.7148	16.64883	"Bellair Lincoln"
68	"24"	7	"Appanoose"	375	19	7011	19007007011	"P"	"BELLAIR TWP W/O MYSTIC & NUMA"	"BELLAIR TWP W/O MYSTIC & NUMA Voting District"	"V2"	"G5240"	"S"	60722506	161231	40.728977	-92.96186	25821	476	"583"	"0.6432247"	"BELLAIR LINCOLN"	136.36363	48.88508	87.47856	70.754715	68.181816	54.030876	77.186966	3.2161236				85.54888	53.38765	54.6741	60.463123	1.9296741	35.377357	78.47341		"Bellair Lincoln"	"3"	136.36363	0.35849056	0.5092593	0.4117647	0.47486034	0.31073445	0.4130219	56.32116	80.04247	"Bellair Lincoln"
69	"24"	7	"Appanoose"	130	19	7010	19007007010	"P"	"LINCOLN TWP W/O NUMA"	"LINCOLN TWP W/O NUMA Voting District"	"V2"	"G5240"	"S"	61945851	12880	40.689316	-93.04783	25766	158	"583"	"0.222984563"	"BELLAIR LINCOLN"	47.272728	16.946827	30.325901	24.528301	23.636364	18.730703	26.758148	1.1149228				29.656946	18.507719	18.953688	20.960548	0.6689537	12.264151	27.204117		"Bellair Lincoln"	"3"	47.272728	0.35849056	0.5092593	0.4117647	0.47486034	0.31073445	0.4130219	19.52467	27.74806	"Bellair Lincoln"
70	"29"	7	"Appanoose"	232	19	7009	19007007009	"P"	"JOHNS TWP"	"JOHNS TWP Voting District"	"V2"	"G5240"	"S"	93754620	129115	40.769016	-93.04034	25679	287	"451"	"0.514412417"	"JOHNS INDEPENDENCE"	94.651886	41.152992	53.49889	44.75388	50.41242	33.951218	55.55654	2.0576496				48.86918	43.210644	41.667404	39.609756	1.0288248	30.350332	48.86918		"Johns Independence"	"3"	94.651886	0.4347826	0.47027028	0.37931034	0.51265824	0.38311687	0.4360277	41.27084	53.38104	"Johns Independence"
71	"35"	7	"Appanoose"	371	19	7008	19007007008	"P"	"WALNUT TWP PART W/O MYSTIC"	"WALNUT TWP PART W/O MYSTIC Voting District"	"V2"	"G5240"	"S"	64778818	7872895	40.809963	-92.92945	25553	458	"702"	"0.528490028"	"WALNUT"	150.09117	71.87464	78.21652	85.61539	63.947292	66.589745	69.76068	4.22792				91.95727	55.49145	64.475784	49.149574	4.75641	54.43447	58.66239		"Walnut"	"3"	150.09117	0.47887325	0.5724382	0.4883721	0.5674419	0.4813084	0.5176868	77.70022	72.39095	"Walnut"
72	"34"	7	"Appanoose"	139	19	7007	19007007007	"P"	"DOUGLAS TWP"	"DOUGLAS TWP Voting District"	"V2"	"G5240"	"S"	55473865	37052	40.81	-92.80455	25481	187	"5211"	"0.026674343"	"VERMILLION DOUGLAS SHARON CENTREVILLE 1,2,3"	48.94742	22.193052	26.754366	28.141432	20.752638	19.52562	26.567646	0.96027637				30.83554	17.391672	21.472845	19.925734	0.53348684	16.778162	24.113605		"Vermillion Douglas Sharon"	"3"	8.90923	0.453406	0.5755592	0.4236111	0.5186856	0.4103066	0.4763137	4.243588	4.665642	"Vermillion Douglas Sharon"
73	"32"	7	"Appanoose"	276	19	7006	19007007006	"P"	"UDELL TWP"	"UDELL TWP Voting District"	"V2"	"G5240"	"S"	69502572	1118924	40.806664	-92.70777	25375	343	"276"	"1"	"UDELL"	127.0	46.0	81.0	74.0	54.0	51.0	73.0	0.0				83.0	41.0	67.0	69.0	1.0	60.0	67.0		"Udell"	"3"	127.0	0.36220473	0.578125	0.41129032	0.49264705	0.47244096	0.4633416	58.84439	68.15562	"Udell"
74	"33"	7	"Appanoose"	122	19	7005	19007007005	"P"	"UNION TWP"	"UNION TWP Voting District"	"V2"	"G5240"	"S"	68694960	442417	40.857254	-92.69277	25316	157	"122"	"1"	"UNION"	78.0	25.0	53.0	27.0	53.0	20.0	54.0	0.0				41.0	38.0	22.0	33.0	1.0	17.0	40.0		"Union"	"3"	78.0	0.32051283	0.3375	0.27027026	0.4	0.2982456	0.3253057	25.37385	52.62615	"Union"
75	"31"	7	"Appanoose"	502	19	7004	19007007004	"P"	"MORAVIA IN APPANOOSE COUNTY"	"MORAVIA IN APPANOOSE COUNTY Voting District"	"V2"	"G5240"	"S"	2867098	630	40.88973	-92.81931	25250	663	"811"	"0.618988903"	"TAYLOR CHARITON"	228.4069	97.80025	130.60666	126.273735	103.37115	96.56227	119.46486	3.7139335				149.17633	76.75462	96.56227	81.706535	3.7139335	66.23181	108.32306		"Taylor Chariton"	"3"	228.4069	0.42818427	0.54986525	0.4469914	0.5416667	0.37943262	0.4692281	107.1749	121.232	"Taylor Chariton"
76	"31"	7	"Appanoose"	168	19	7003	19007007003	"P"	"TAYLOR TWP W/O MORAVIA"	"TAYLOR TWP W/O MORAVIA Voting District"	"V2"	"G5240"	"S"	73698826	121727	40.867504	-92.80187	25185	207	"811"	"0.207151665"	"TAYLOR CHARITON"	76.438965	32.72996	43.709	42.258938	34.59433	32.31566	39.98027	1.24291				49.92355	25.686806	32.31566	27.344019	1.24291	22.165228	36.25154		"Taylor Chariton"	"3"	76.438965	0.42818427	0.54986525	0.4469914	0.5416667	0.37943262	0.4692281	35.86731	40.57166	"Taylor Chariton"
77	"31"	7	"Appanoose"	141	19	7002	19007007002	"P"	"CHARITON TWP"	"CHARITON TWP Voting District"	"V2"	"G5240"	"S"	41317802	18197641	40.876846	-92.926544	25106	161	"811"	"0.173859433"	"TAYLOR CHARITON"	64.15413	27.46979	36.68434	35.467323	29.034525	27.122072	33.55487	1.0431566				41.900124	21.558569	27.122072	22.949446	1.0431566	18.602959	30.425402		"Taylor Chariton"	"3"	64.15413	0.42818427	0.54986525	0.4469914	0.5416667	0.37943262	0.4692281	30.10292	34.05121	"Taylor Chariton"
78	"29"	7	"Appanoose"	219	19	7001	19007007001	"P"	"INDEPENDENCE TWP"	"INDEPENDENCE TWP Voting District"	"V2"	"G5240"	"S"	72765216	19776878	40.857147	-93.03413	24977	248	"451"	"0.485587583"	"JOHNS INDEPENDENCE"	89.348114	38.847008	50.50111	42.24612	47.58758	32.048782	52.44346	1.9423504				46.13082	40.789356	39.332596	37.390244	0.9711752	28.649668	46.13082		"Johns Independence"	"3"	89.348114	0.4347826	0.47027028	0.37931034	0.51265824	0.38311687	0.4360277	38.95825	50.38986	"Johns Independence"
79	"40"	9	"Audubon"	201	19	9014	19009009014	"P"	"OAKFIELD TWP W/O BRAYTON"	"OAKFIELD TWP W/O BRAYTON Voting District"	"V2"	"G5240"	"S"	101883529	177813	41.55051	-94.98045	28215	259	"1525"	"0.131803279"	"PRECINCT 4"	111.37377	63.397377	47.976395	68.4059	41.78164	41.913445	60.893116	3.2950819				50.612457	55.357376	42.836067	32.819016	1.1862295	35.059673	34.13705		"PRECINCT 4"	"3"	111.37377	0.5692308	0.62081337	0.4076923	0.5662021	0.50666666	0.534121	59.48708	51.8867	"PRECINCT 4"
80	"40"	9	"Audubon"	909	19	9013	19009009013	"P"	"EXIRA TWP W/O BRAYTON"	"EXIRA TWP W/O BRAYTON Voting District"	"V2"	"G5240"	"S"	98813572	278947	41.554367	-94.85555	28019	1105	"1525"	"0.596065574"	"PRECINCT 4"	503.6754	286.70755	216.96786	309.35803	188.95279	189.54886	275.3823	14.901639				228.88918	250.34753	193.72131	148.42033	5.36459	158.55344	154.38098		"PRECINCT 4"	"3"	503.6754	0.5692308	0.62081337	0.4076923	0.5662021	0.50666666	0.534121	269.0236	234.6518	"PRECINCT 4"
81	"37"	9	"Audubon"	165	19	9012	19009009012	"P"	"AUDUBON TWP"	"AUDUBON TWP Voting District"	"V2"	"G5240"	"S"	104222003	436399	41.54588	-94.76822	27926	212	"2814"	"0.058635394"	"PRECINCT 1 & 2"	72.707886	31.897655	40.810234	39.46162	33.304905	23.04371	46.146057	0.8795309				28.731344	40.10661	33.656715	35.708954	0.8795309	27.617271	36.588486		"PRECINCT 1"	"3"	46.146057	0.43870968	0.5423046	0.33305085	0.4852071	0.43013698	0.4458818	20.57569	25.57037	"PRECINCT 1"
82	"40"	9	"Audubon"	116	19	9011	19009009011	"P"	"GREELEY TWP"	"GREELEY TWP Voting District"	"V2"	"G5240"	"S"	92447160	205885	41.63811	-94.811615	27837	170	"1525"	"0.076065574"	"PRECINCT 4"	64.27541	36.58754	27.687868	39.47803	24.112787	24.188852	35.142296	1.9016393				29.20918	31.94754	24.721312	18.940329	0.68459016	20.233442	19.700983		"PRECINCT 4"	"3"	64.27541	0.5692308	0.62081337	0.4076923	0.5662021	0.50666666	0.534121	34.33085	29.94456	"PRECINCT 4"
83	"40"	9	"Audubon"	197	19	9010	19009009010	"P"	"HAMLIN TWP"	"HAMLIN TWP Voting District"	"V2"	"G5240"	"S"	92691344	53216	41.643223	-94.92335	27745	252	"1525"	"0.129180328"	"PRECINCT 4"	109.15738	62.13574	47.02164	67.04459	40.950165	41.079346	59.681313	3.2295082				49.605247	54.255737	41.98361	32.1659	1.1626229	34.36197	33.457706		"PRECINCT 4"	"3"	109.15738	0.5692308	0.62081337	0.4076923	0.5662021	0.50666666	0.534121	58.30325	50.85413	"PRECINCT 4"
84	"39"	9	"Audubon"	441	19	9009	19009009009	"P"	"SHARON TWP"	"SHARON TWP Voting District"	"V2"	"G5240"	"S"	92892967	0	41.645195	-95.03453	27596	584	"441"	"1"	"PRECINCT 3"	277.0	141.0	136.0	156.0	125.0	107.0	159.0	10.0				129.0	142.0	108.0	91.0	3.0	94.0	95.0		"PRECINCT 3"	"3"	277.0	0.5090253	0.55516016	0.40225562	0.5427136	0.4973545	0.5013018	138.8606	138.1394	"PRECINCT 3"
85	"37"	9	"Audubon"	167	19	9008	19009009008	"P"	"DOUGLAS TWP"	"DOUGLAS TWP Voting District"	"V2"	"G5240"	"S"	95421648	0	41.7325	-95.03493	27516	210	"2814"	"0.059346127"	"PRECINCT 1 & 2"	73.589195	32.284294	41.304905	39.93994	33.7086	23.323029	46.705402	0.8901919				29.079601	40.59275	34.06468	36.141792	0.8901919	27.952026	37.031982		"PRECINCT 1"	"3"	46.705402	0.43870968	0.5423046	0.33305085	0.4852071	0.43013698	0.4458818	20.82509	25.88031	"PRECINCT 1"
86	"37"	9	"Audubon"	1951	19	9007	19009009007	"P"	"LEROY TWP"	"LEROY TWP Voting District"	"V2"	"G5240"	"S"	95431311	0	41.73241	-94.91819	27215	2496	"2814"	"0.693319119"	"PRECINCT 1 & 2"	859.7157	377.1656	482.5501	466.60376	393.80527	272.47443	545.64215	10.399787				339.72638	474.2303	397.96518	422.23135	10.399787	326.5533	432.63113		"PRECINCT 1"	"3"	545.64215	0.43870968	0.5423046	0.33305085	0.4852071	0.43013698	0.4458818	243.2919	302.3502	"PRECINCT 1"
87	"37"	9	"Audubon"	85	19	9005	19009009005	"P"	"MELVILLE TWP"	"MELVILLE TWP Voting District"	"V2"	"G5240"	"S"	94647852	0	41.7327	-94.80212	27110	117	"2814"	"0.030206112"	"PRECINCT 1 & 2"	37.455578	16.432125	21.023455	20.328714	17.157072	11.871002	23.772211	0.45309168				14.800995	20.66098	17.338308	18.395523	0.45309168	14.227078	18.848614		"PRECINCT 1"	"3"	23.772211	0.43870968	0.5423046	0.33305085	0.4852071	0.43013698	0.4458818	10.5996	13.17261	"PRECINCT 1"
88	"37"	9	"Audubon"	115	19	9004	19009009004	"P"	"VIOLA TWP"	"VIOLA TWP Voting District"	"V2"	"G5240"	"S"	91504098	0	41.819767	-94.8021	27042	166	"2814"	"0.040867093"	"PRECINCT 1 & 2"	50.675194	22.231699	28.443497	27.503553	23.21251	16.060768	32.162403	0.6130064				20.024876	27.953093	23.457712	24.88806	0.6130064	19.248402	25.501066		"PRECINCT 1"	"3"	32.162403	0.43870968	0.5423046	0.33305085	0.4852071	0.43013698	0.4458818	14.34063	17.82177	"PRECINCT 1"
89	"37"	9	"Audubon"	107	19	9003	19009009003	"P"	"CAMERON TWP"	"CAMERON TWP Voting District"	"V2"	"G5240"	"S"	92734589	0	41.819786	-94.91821	26976	135	"2814"	"0.038024165"	"PRECINCT 1 & 2"	47.149963	20.685146	26.464819	25.590263	21.597725	14.943497	29.925018	0.57036245				18.631842	26.00853	21.82587	23.156717	0.57036245	17.909382	23.72708		"PRECINCT 1"	"3"	29.925018	0.43870968	0.5423046	0.33305085	0.4852071	0.43013698	0.4458818	13.34302	16.582	"PRECINCT 1"
90	"37"	9	"Audubon"	50	19	9002	19009009002	"P"	"GRAY"	"GRAY Voting District"	"V2"	"G5240"	"S"	2578569	0	41.84183	-94.98595	26949	63	"2814"	"0.017768301"	"PRECINCT 1 & 2"	22.032694	9.665956	12.366737	11.958067	10.092395	6.9829426	13.983653	0.26652452				8.706468	12.153518	10.199005	10.820895	0.26652452	8.36887	11.08742		"PRECINCT 1"	"3"	13.983653	0.43870968	0.5423046	0.33305085	0.4852071	0.43013698	0.4458818	6.235057	7.748596	"PRECINCT 1"
91	"37"	9	"Audubon"	174	19	9001	19009009001	"P"	"LINCOLN TWP W/O GRAY"	"LINCOLN TWP W/O GRAY Voting District"	"V2"	"G5240"	"S"	90398844	0	41.819324	-95.03608	26877	222	"2814"	"0.061833689"	"PRECINCT 1 & 2"	76.673775	33.637527	43.036247	41.61407	35.121536	24.30064	48.663113	0.9275053				30.298508	42.294243	35.49254	37.656715	0.9275053	29.123667	38.58422		"PRECINCT 1"	"3"	48.663113	0.43870968	0.5423046	0.33305085	0.4852071	0.43013698	0.4458818	21.698	26.96511	"PRECINCT 1"
92	"40"	9	"Audubon"	102	19	9006	19009009006	"P"	"BRAYTON"	"BRAYTON Voting District"	"V2"	"G5240"	"S"	1596973	0	41.544804	-94.93035	27177	128	"1525"	"0.066885246"	"PRECINCT 4"	56.518032	32.171803	24.34623	34.713444	21.202623	21.269508	30.900984	1.6721312				25.683935	28.091803	21.737705	16.654427	0.6019672	17.791475	17.323278		"PRECINCT 4"	"3"	56.518032	0.5692308	0.62081337	0.4076923	0.5662021	0.50666666	0.534121	30.18747	26.33056	"PRECINCT 4"
93	"49"	11	"Benton"	780	19	11022	19011011022	"P"	"FLORENCE TWP PART W/O WALFORD"	"FLORENCE TWP PART W/O WALFORD Voting District"	"V2"	"G5240"	"S"	92170859	0	41.905815	-91.891396	31376	1026	"1825"	"0.42739726"	"PRECINCT FL & WA"	378.24658	205.15068	173.09589	239.34247	135.91232	206.43288	147.87946	6.410959	174.37808	188.90959		155.5726	206.43288	161.12877	139.33151	1.709589	145.31506	142.32329		"Precinct Fl"	"3"	378.24658	0.5423729	0.6378132	0.5826297	0.5362731	0.50520056	0.5608579	212.1426	166.104	"Precinct Fl"
94	"49"	11	"Benton"	314	19	11021	19011011021	"P"	"ST. CLAIR TWP"	"ST. CLAIR TWP Voting District"	"V2"	"G5240"	"S"	92911283	0	41.905727	-92.00687	31279	400	"1825"	"0.172054795"	"PRECINCT FL & WA"	152.2685	82.5863	69.68219	96.350685	54.713425	83.10246	59.53096	2.580822	70.19836	76.04822		62.627945	83.10246	64.864655	56.089863	0.6882192	58.49863	57.294247		"Precinct Fl"	"3"	152.2685	0.5423729	0.6378132	0.5826297	0.5362731	0.50520056	0.5608579	85.40099	66.86751	"Precinct Fl"
95	"52"	11	"Benton"	65	19	11020	19011011020	"P"	"LUZERNE"	"LUZERNE Voting District"	"V2"	"G5240"	"S"	314787	0	41.9057	-92.18026	31250	96	"1190"	"0.054621849"	"PRECINCT IA"	35.831932	16.987394	18.844538	21.794117	13.819327	18.844538	15.0210085	0.6554622	14.037815	21.029411		15.731092	19.554623	14.201681	11.962185	0.05462185	12.344538	12.399159		"Precinct Ia"	"3"	35.831932	0.47408536	0.6119632	0.5564516	0.5427975	0.49889624	0.5368388	19.23597	16.59596	"Precinct Ia"
96	"52"	11	"Benton"	810	19	11019	19011011019	"P"	"LEROY TWP W/O LUZERNE"	"LEROY TWP W/O LUZERNE Voting District"	"V2"	"G5240"	"S"	92234391	198598	41.89891	-92.104164	31070	1079	"1190"	"0.680672269"	"PRECINCT IA"	446.521	211.68907	234.83194	271.58823	172.21008	234.83194	187.18488	8.168067	174.93277	262.05884		196.03362	243.68068	176.9748	149.06723	0.6806723	153.83194	154.5126		"Precinct Ia"	"3"	446.521	0.47408536	0.6119632	0.5564516	0.5427975	0.49889624	0.5368388	239.7098	206.8112	"Precinct Ia"
97	"43"	11	"Benton"	1939	19	11018	19011011018	"P"	"BELLE PLAINE"	"BELLE PLAINE Voting District"	"V2"	"G5240"	"S"	8338642	30096	41.894794	-92.27534	30843	2534	"1939"	"1"	"PRECINCT BP1, BP2, BP3"	899.0	491.0	408.0	559.0	348.0	508.0	361.0	22.0	415.0	472.0		390.0	515.0	419.0	317.0	8.0	366.0	349.0		"Precinct Bp1"	"3"	899.0	0.5461624	0.6163175	0.58458	0.5692935	0.5118881	0.5656483	508.5178	390.4822	"Precinct Bp1"
98	"52"	11	"Benton"	315	19	11017	19011011017	"P"	"IOWA TWP W/O LUZERNE"	"IOWA TWP W/O LUZERNE Voting District"	"V2"	"G5240"	"S"	84669788	179684	41.909855	-92.23022	30770	400	"1190"	"0.264705882"	"PRECINCT IA"	173.64706	82.32353	91.32353	105.617645	66.97059	91.32353	72.79412	3.1764705	68.02941	101.911766		76.23529	94.76471	68.82353	57.97059	0.2647059	59.82353	60.088234		"Precinct Ia"	"3"	173.64706	0.47408536	0.6119632	0.5564516	0.5427975	0.49889624	0.5368388	93.22047	80.42659	"Precinct Ia"
99	"53"	11	"Benton"	662	19	11016	19011011016	"P"	"KANE TWP"	"KANE TWP Voting District"	"V2"	"G5240"	"S"	92234918	0	41.99298	-92.23999	30623	864	"662"	"1"	"PRECINCT KA"	394.0	201.0	193.0	245.0	150.0	214.0	160.0	10.0	92.0	307.0		187.0	212.0	168.0	140.0	1.0	136.0	157.0		"Precinct Ka"	"3"	394.0	0.5101523	0.62025315	0.5721925	0.54545456	0.4641638	0.5424433	213.7227	180.2773	"Precinct Ka"
100	"41"	11	"Benton"	724	19	11015	19011011015	"P"	"UNION TWP"	"UNION TWP Voting District"	"V2"	"G5240"	"S"	92973342	0	41.9928	-92.12428	30471	983	"887"	"0.816234498"	"PRECINCT BG"	457.0913	205.6911	251.40022	262.8275	195.08005	251.40022	190.18263	4.897407	144.47351	311.80157		193.44757	265.2762	196.71251	192.63135	3.2649379	178.75536	200.79369		"Precinct Bg"	"3"	457.0913	0.45	0.573975	0.5693161	0.5052411	0.47096774	0.5139	234.8992	222.1921	"Precinct Bg"
101	"48"	11	"Benton"	904	19	11014	19011011014	"P"	"ELDORADO TWP"	"ELDORADO TWP Voting District"	"V2"	"G5240"	"S"	92571274	0	41.992542	-92.00845	30331	1214	"904"	"1"	"PRECINCT EL"	543.0	279.0	264.0	380.0	166.0	315.0	204.0	8.0	232.0	307.0		305.0	244.0	255.0	176.0	8.0	218.0	198.0		"Precinct El"	"3"	543.0	0.5138122	0.6959707	0.6069364	0.5916473	0.52403843	0.586481	318.4592	224.5408	"Precinct El"
102	"50"	11	"Benton"	1709	19	11013	19011011013	"P"	"FREMONT TWP"	"FREMONT TWP Voting District"	"V2"	"G5240"	"S"	93757679	0	41.99276	-91.8925	30187	2442	"1709"	"1"	"PRECINCT FR"	1071.0	497.0	574.0	643.0	429.0	522.0	492.0	22.0	458.0	579.0		509.0	543.0	398.0	349.0	9.0	323.0	396.0		"Precinct Fr"	"3"	1071.0	0.4640523	0.59981346	0.5147929	0.5327979	0.44923505	0.5121383	548.5001	522.4999	"Precinct Fr"
103	"42"	11	"Benton"	1455	19	11012	19011011012	"P"	"CANTON TWP W/SHELLSBURG"	"CANTON TWP W/SHELLSBURG Voting District"	"V2"	"G5240"	"S"	93207917	271723	42.085335	-91.88566	30036	1866	"2161"	"0.673299398"	"PRECINCT BN"	694.1717	329.91672	364.25497	413.40582	287.49884	370.98798	297.59833	14.812587	321.16382	362.9084		298.27164	391.86026	299.61823	257.20038	6.732994	262.58676	276.72604		"Precinct Bn"	"3"	694.1717	0.47526672	0.58981746	0.5548842	0.53808945	0.4868914	0.5289899	367.2098	326.9619	"Precinct Bn"
104	"47"	11	"Benton"	204	19	11011	19011011011	"P"	"EDEN TWP"	"EDEN TWP Voting District"	"V2"	"G5240"	"S"	92167864	0	42.079636	-92.00887	29966	285	"5081"	"0.040149577"	"PRECINCT ED, VT1, VT3, VT4, Vinton City hall"	86.562485	42.317654	44.244835	54.442825	32.320408	47.055305	36.13462	1.5658334	35.652824	50.789215		29.710688	57.172997	40.390476	36.576263	0.96358985	35.13088	38.101948		"Precinct Ed"	"3"	86.562485	0.48886827	0.6274873	0.56563705	0.5247783	0.4797149	0.5372972	46.50978	40.0527	"PRECINCT ED"
105	"41"	11	"Benton"	163	19	11010	19011011010	"P"	"BIG GROVE TWP"	"BIG GROVE TWP Voting District"	"V2"	"G5240"	"S"	92958523	0	42.07985	-92.12473	29890	204	"887"	"0.183765502"	"PRECINCT BG"	102.90868	46.308907	56.599773	59.172493	43.919956	56.599773	42.817364	1.1025931	32.526493	70.198425		43.552425	59.72379	44.287487	43.36866	0.735062	40.244644	45.206314		"Precinct Bg"	"3"	102.90868	0.45	0.573975	0.5693161	0.5052411	0.47096774	0.5139	52.88477	50.02391	"Precinct Bg"
106	"51"	11	"Benton"	163	19	11009	19011011009	"P"	"HOMER TWP"	"HOMER TWP Voting District"	"V2"	"G5240"	"S"	92688661	0	42.079845	-92.24093	29823	203	"838"	"0.19451074"	"PRECINCT HO"	80.33294	38.707638	41.625298	53.879475	28.204058	45.904533	31.899761	0.9725537	32.677803	47.849644		31.899761	49.98926	35.984486	33.066826	0.778043	27.620525	38.707638		"Precinct Ho"	"3"	80.33294	0.4818402	0.6563981	0.59	0.52112675	0.41642228	0.5331575	42.8301	37.50283	"Precinct Ho"
107	"51"	11	"Benton"	173	19	11008	19011011008	"P"	"MONROE TWP"	"MONROE TWP Voting District"	"V2"	"G5240"	"S"	93968114	25252	42.170593	-92.2316	29753	234	"838"	"0.206443914"	"PRECINCT HO"	85.26134	41.08234	44.178997	57.184963	29.934368	48.720764	33.8568	1.0322195	34.68258	50.785202		33.8568	53.056087	38.192123	35.095467	0.8257757	29.315035	41.08234		"Precinct Ho"	"3"	85.26134	0.4818402	0.6563981	0.59	0.52112675	0.41642228	0.5331575	45.45772	39.80362	"Precinct Ho"
108	"51"	11	"Benton"	502	19	11007	19011011007	"P"	"JACKSON TWP"	"JACKSON TWP Voting District"	"V2"	"G5240"	"S"	93168244	105110	42.173443	-92.13393	29603	653	"838"	"0.599045346"	"PRECINCT HO"	247.40573	119.21002	128.19571	165.93556	86.86157	141.3747	98.24344	2.9952266	100.63962	147.36516		98.24344	153.95465	110.82339	101.83771	2.3961813	85.06444	119.21002		"Precinct Ho"	"3"	247.40573	0.4818402	0.6563981	0.59	0.52112675	0.41642228	0.5331575	131.9062	115.4995	"Precinct Ho"
109	"47"	11	"Benton"	4582	19	11006	19011011006	"P"	"TAYLOR TWP W/VINTON"	"TAYLOR TWP W/VINTON Voting District"	"V2"	"G5240"	"S"	104636659	1534710	42.16638	-92.00637	29052	6072	"5081"	"0.901790986"	"PRECINCT ED, VT1, VT3, VT4, Vinton City hall"	1944.2614	950.4877	993.7737	1222.8286	725.9418	1056.899	811.6119	35.16985	800.7904	1140.7656		667.3253	1284.1504	907.2017	821.5316	21.642984	789.06714	855.7996		"Precinct Ed"	"3"	1944.2614	0.48886827	0.6274873	0.56563705	0.5247783	0.4797149	0.5372972	1044.646	899.6152	"PRECINCT ED"
110	"42"	11	"Benton"	706	19	11005	19011011005	"P"	"BENTON TWP"	"BENTON TWP Voting District"	"V2"	"G5240"	"S"	57787350	560201	42.15001	-91.88521	28963	928	"2161"	"0.326700602"	"PRECINCT BN"	336.8283	160.0833	176.74503	200.59416	139.50116	180.01202	144.40167	7.187413	155.83618	176.09163		144.72836	190.13976	145.38177	124.79963	3.267006	127.41323	134.27394		"Precinct Bn"	"3"	336.8283	0.47526672	0.58981746	0.5548842	0.53808945	0.4868914	0.5289899	178.1788	158.6496	"Precinct Bn"
111	"54"	11	"Benton"	1618	19	11004	19011011004	"P"	"POLK TWP"	"POLK TWP Voting District"	"V2"	"G5240"	"S"	117903265	294286	42.24242	-91.88817	28716	2302	"1618"	"1"	"PRECINCT PO"	922.0	512.0	410.0	608.0	303.0	537.0	320.0	32.0	485.0	401.0		449.0	442.0	447.0	266.0	4.0	399.0	289.0		"Precinct Po"	"3"	922.0	0.55531454	0.66739845	0.62660444	0.62692845	0.57994187	0.6112375	563.561	358.439	"Precinct Po"
112	"47"	11	"Benton"	295	19	11003	19011011003	"P"	"HARRISON TWP"	"HARRISON TWP Voting District"	"V2"	"G5240"	"S"	68822758	1331847	42.24736	-91.99575	28616	366	"5081"	"0.058059437"	"PRECINCT ED, VT1, VT3, VT4, Vinton City hall"	125.17615	61.194645	63.9815	78.7286	46.737846	68.04566	52.253494	2.264318	51.55678	73.44519		42.96398	82.676636	58.407795	52.892147	1.3934265	50.802006	55.098404		"Precinct Ed"	"3"	125.17615	0.48886827	0.6274873	0.56563705	0.5247783	0.4797149	0.5372972	67.25679	57.91935	"PRECINCT ED"
113	"46"	11	"Benton"	395	19	11002	19011011002	"P"	"CEDAR TWP"	"CEDAR TWP Voting District"	"V2"	"G5240"	"S"	110508647	1227542	42.258274	-92.11251	28463	526	"616"	"0.641233766"	"PRECINCT BR"	235.97403	87.84903	148.125	128.24675	107.08604	115.42208	101.95617	3.8474026	91.05519	135.30032		62.840908	170.56818	92.33766	106.44481	1.9237013	79.512985	109.65097		"Precinct Br"	"3"	235.97403	0.3722826	0.5449591	0.53097343	0.46451613	0.420339	0.4666141	110.1088	125.8652	"Precinct Br"
114	"46"	11	"Benton"	221	19	11001	19011011001	"P"	"BRUCE TWP"	"BRUCE TWP Voting District"	"V2"	"G5240"	"S"	93437748	1721	42.24984	-92.22918	28389	317	"616"	"0.358766234"	"PRECINCT BR"	132.02597	49.150974	82.875	71.75325	59.91396	64.57792	57.04383	2.1525974	50.944805	75.69968		35.159092	95.431816	51.66234	59.555195	1.0762987	44.487015	61.349026		"Precinct Br"	"3"	132.02597	0.3722826	0.5449591	0.53097343	0.46451613	0.420339	0.4666141	61.60518	70.42079	"Precinct Br"
115	"49"	11	"Benton"	731	19	11023	19011011023	"P"	"WALFORD IN BENTON COUNTY W/FLORENCE TWP PART"	"WALFORD IN BENTON COUNTY W/FLORENCE TWP PART Voting District"	"V2"	"G5240"	"S"	1684629	0	41.878136	-91.83698	31498	1082	"1825"	"0.400547945"	"PRECINCT FL & WA"	354.48492	192.26302	162.22192	224.30685	127.374245	193.46466	138.58958	6.0082192	163.42357	177.04219		145.79945	193.46466	151.00658	130.57863	1.6021918	136.1863	133.38246		"Precinct Fl"	"3"	354.48492	0.5423729	0.6378132	0.5826297	0.5362731	0.50520056	0.5608579	198.8157	155.6693	"Precinct Fl"
116	"122"	13	"Black Hawk"	1789	19	13068	19013013068	"A"	"WATERLOO W5P6"	"WATERLOO W5P6"	"0"	"G5240"	"N"	1346100	0	42.46799	-92.36847	37440	2192	"1789"	"1"	"WLOO W5P6"	733.0	361.0	372.0	426.0	289.0	431.0	276.0		330.0	385.0		341.0	364.0	307.0	346.0	3.0	293.0	346.0		"WLOO W5P6"	"3"	733.0	0.49249658	0.5958042	0.6096181	0.47013783	0.45852897	0.5253171	385.0575	347.9425	"WLOO W5P6"
117	"121"	13	"Black Hawk"	1616	19	13067	19013013067	"A"	"WATERLOO W5P5"	"WATERLOO W5P5"	"0"	"G5240"	"N"	1454597	0	42.476025	-92.36165	37371	2101	"1616"	"1"	"WLOO W5P5"	900.0	454.0	446.0	486.0	395.0	512.0	371.0					347.0	543.0	467.0	429.0	13.0	462.0	422.0		"WLOO W5P5"	"3"	900.0	0.5044444	0.5516459	0.57984143	0.52120537	0.52262443	0.5359523	482.3571	417.6429	"WLOO W5P5"
118	"77"	13	"Black Hawk"	2848	19	13034	19013013034	"A"	"CEDAR FALLS W5P1"	"CEDAR FALLS W5P1"	"0"	"G5240"	"N"	3278267	0	42.511116	-92.41431	34404	3533	"2848"	"1"	"CF W5P1"	1260.0	641.0	619.0	736.0	503.0	717.0	501.0					649.0	572.0	677.0	564.0	11.0	656.0	570.0		"CF W5P1"	"3"	1260.0	0.5087302	0.59402746	0.58866996	0.5455278	0.5350734	0.5544057	698.5513	561.4487	"CF W5P1"
119	"76"	13	"Black Hawk"	3592	19	13033	19013013033	"A"	"CEDAR FALLS W4P3"	"CEDAR FALLS W4P3"	"0"	"G5240"	"N"	5135374	7073	42.503433	-92.48551	34367	3640	"3592"	"1"	"CF W4P3"	842.0	547.0	295.0	549.0	207.0	482.0	223.0					404.0	279.0	123.0	78.0	2.0	113.0	88.0		"CF W4P3"	"3"	842.0	0.6496437	0.72619045	0.6836879	0.6119403	0.56218904	0.6467303	544.5469	297.4531	"CF W4P3"
120	"75"	13	"Black Hawk"	2265	19	13032	19013013032	"A"	"CEDAR FALLS W4P2"	"CEDAR FALLS W4P2"	"0"	"G5240"	"N"	827849	978	42.521774	-92.45519	34298	2440	"2265"	"1"	"CF W4P2"	718.0	448.0	270.0	491.0	192.0	458.0	220.0					426.0	250.0	266.0	137.0	6.0	266.0	129.0		"CF W4P2"	"3"	718.0	0.6239554	0.71888727	0.67551625	0.6600496	0.67341775	0.6703653	481.3223	236.6777	"CF W4P2"
121	"74"	13	"Black Hawk"	1440	19	13031	19013013031	"A"	"CEDAR FALLS W4P1"	"CEDAR FALLS W4P1"	"0"	"G5240"	"N"	1360906	2307	42.520878	-92.44365	34216	1727	"1440"	"1"	"CF W4P1"	613.0	393.0	220.0	412.0	194.0	404.0	194.0					377.0	224.0	310.0	162.0	6.0	312.0	153.0		"CF W4P1"	"3"	613.0	0.6411093	0.679868	0.67558527	0.65677965	0.67096776	0.664862	407.5604	205.4396	"CF W4P1"
122	"73"	13	"Black Hawk"	2834	19	13030	19013013030	"A"	"CEDAR FALLS W3P3"	"CEDAR FALLS W3P3"	"0"	"G5240"	"N"	2896507	3911	42.524128	-92.47197	34176	3212	"2834"	"1"	"CF W3P3"	922.0	512.0	410.0	580.0	303.0	512.0	334.0					471.0	377.0	248.0	154.0	8.0	240.0	165.0		"CF W3P3"	"3"	922.0	0.55531454	0.65685165	0.60520095	0.6169154	0.5925926	0.6053751	558.1558	363.8442	"CF W3P3"
123	"72"	13	"Black Hawk"	2068	19	13029	19013013029	"P"	"CEDAR FALLS W3P2"	"CEDAR FALLS W3P2"	"0"	"G5240"	"S"	6079303	0	42.528576	-92.48848	34129	2722	"2320"	"0.89137931"	"CF W3P2 & CF TWP"	955.5586	408.2517	547.3069	490.2586	457.2776	475.10516	466.19138					419.83966	521.4569	411.81723	449.25516	5.3482757	408.2517	446.58102		"CF W3P2 & CF TWP"	"3"	955.5586	0.4272388	0.5174036	0.5047349	0.47826087	0.47758082	0.4810438	459.6655	495.8931	"CF W3P2 & CF TWP"
124	"71"	13	"Black Hawk"	1961	19	13028	19013013028	"A"	"CEDAR FALLS W3P1"	"CEDAR FALLS W3P1"	"0"	"G5240"	"N"	4899149	326708	42.54413	-92.4735	34068	2678	"1961"	"1"	"CF W3P1"	1004.0	411.0	593.0	479.0	501.0	475.0	498.0					422.0	560.0	383.0	502.0	10.0	374.0	502.0		"CF W3P1"	"3"	1004.0	0.40936255	0.48877552	0.48818088	0.43276837	0.42694065	0.4492056	451.0024	552.9976	"CF W3P1"
125	"70"	13	"Black Hawk"	2320	19	13027	19013013027	"A"	"CEDAR FALLS W2P3"	"CEDAR FALLS W2P3"	"0"	"G5240"	"N"	11679302	293100	42.480305	-92.463715	33990	3330	"2320"	"1"	"CF W2P3"	1118.0	490.0	628.0	604.0	493.0	569.0	506.0					547.0	506.0	331.0	434.0	5.0	321.0	443.0		"CF W2P3"	"3"	1118.0	0.43828264	0.55059254	0.5293023	0.43267974	0.42015707	0.4742029	530.1588	587.8412	"CF W2P3"
126	"69"	13	"Black Hawk"	2104	19	13026	19013013026	"A"	"CEDAR FALLS W2P2"	"CEDAR FALLS W2P2"	"0"	"G5240"	"N"	2947013	31717	42.511387	-92.448166	33922	2245	"2104"	"1"	"CF W2P2"	612.0	359.0	253.0	410.0	194.0	374.0	209.0					338.0	225.0	216.0	152.0	7.0	203.0	156.0		"CF W2P2"	"3"	612.0	0.5866013	0.678808	0.6415094	0.5869565	0.5654596	0.611867	374.4626	237.5374	"CF W2P2"
127	"68"	13	"Black Hawk"	2061	19	13025	19013013025	"A"	"CEDAR FALLS W2P1"	"CEDAR FALLS W2P1"	"0"	"G5240"	"N"	2511973	89517	42.517403	-92.42929	33831	2545	"2061"	"1"	"CF W2P1"	1043.0	547.0	496.0	596.0	442.0	588.0	444.0					537.0	494.0	545.0	414.0	15.0	534.0	417.0		"CF W2P1"	"3"	1043.0	0.5244487	0.57418114	0.5697674	0.5683003	0.5615142	0.5596424	583.707	459.293	"CF W2P1"
128	"67"	13	"Black Hawk"	1774	19	13024	19013013024	"A"	"CEDAR FALLS W1P3"	"CEDAR FALLS W1P3"	"0"	"G5240"	"N"	1711469	94581	42.530045	-92.447464	33738	2144	"1774"	"1"	"CF W1P3"	663.0	369.0	294.0	402.0	250.0	411.0	239.0					366.0	280.0	319.0	262.0	10.0	327.0	247.0		"CF W1P3"	"3"	663.0	0.5565611	0.6165644	0.6323077	0.5490534	0.5696864	0.5848346	387.7453	275.2547	"CF W1P3"
129	"66"	13	"Black Hawk"	1740	19	13023	19013013023	"A"	"CEDAR FALLS W1P2"	"CEDAR FALLS W1P2"	"0"	"G5240"	"N"	1725852	192090	42.537365	-92.45592	33616	2097	"1740"	"1"	"CF W1P2"	782.0	459.0	323.0	522.0	256.0	509.0	269.0					445.0	326.0	358.0	267.0	10.0	360.0	257.0		"CF W1P2"	"3"	782.0	0.5869565	0.6709511	0.6542416	0.5728	0.5834684	0.6136835	479.9005	302.0995	"CF W1P2"
130	"65"	13	"Black Hawk"	1583	19	13022	19013013022	"A"	"CEDAR FALLS W1P1"	"CEDAR FALLS W1P1"	"0"	"G5240"	"N"	17601624	1120987	42.5588	-92.44513	33481	1975	"1583"	"1"	"CF W1P1"	787.0	459.0	328.0	531.0	258.0	516.0	272.0					462.0	326.0	434.0	269.0	13.0	436.0	258.0		"CF W1P1"	"3"	787.0	0.58322746	0.6730038	0.65482235	0.6173542	0.6282421	0.63133	496.8567	290.1433	"CF W1P1"
131	"72"	13	"Black Hawk"	252	19	13021	19013013021	"P"	"CEDAR FALLS TWP"	"CEDAR FALLS TWP Voting District"	"V2"	"G5240"	"S"	46967919	0	42.509937	-92.52378	33442	315	"2320"	"0.10862069"	"CF W3P2 & CF TWP"	116.441376	49.748276	66.6931	59.74138	55.722412	57.89483	56.80862					51.160343	63.543102	50.18276	54.744827	0.65172416	49.748276	54.418964		"CF W3P2 & CF TWP"	"3"	116.441376	0.4272388	0.5174036	0.5047349	0.47826087	0.47758082	0.4810438	56.0134	60.42797	"CF W3P2 & CF TWP"
132	"63"	13	"Black Hawk"	1687	19	13020	19013013020	"P"	"HUDSON"	"HUDSON Voting District"	"V2"	"G5240"	"S"	21765307	183181	42.430305	-92.45539	33342	2282	"1978"	"0.852881699"	"BLACK HAWK TWP"	1066.1022	487.84833	578.2538	589.34125	465.6734	566.3135	487.84833					588.48834	469.08493	428.99948	447.76288	16.204752	400.00153	463.11478		"Black Hawk Twp"	"3"	1066.1022	0.4576	0.55860955	0.53721684	0.48929963	0.46343875	0.501233	534.3656	531.7366	"BLACK HAWK TWP"
133	"63"	13	"Black Hawk"	291	19	13019	19013013019	"P"	"BLACK HAWK TWP W/O HUDSON"	"BLACK HAWK TWP W/O HUDSON Voting District"	"V2"	"G5240"	"S"	60186798	159501	42.416798	-92.48773	33287	384	"1978"	"0.147118301"	"BLACK HAWK TWP"	183.89787	84.151665	99.74621	101.658745	80.32659	97.686554	84.151665					101.51163	80.91506	74.0005	77.23711	2.7952478	68.99848	79.88524		"Black Hawk Twp"	"3"	183.89787	0.4576	0.55860955	0.53721684	0.48929963	0.46343875	0.501233	92.17568	91.72219	"BLACK HAWK TWP"
134	"87"	13	"Black Hawk"	279	19	13018	19013013018	"A"	"LINCOLN TWP"	"LINCOLN TWP Voting District"	"V2"	"G5240"	"N"	93158475	149237	42.34741	-92.47044	33222	337	"279"	"1"	"LINCOLN TWP"	181.0	73.0	108.0	97.0	80.0	85.0	91.0		74.0	103.0		91.0	85.0	67.0	83.0	1.0	71.0	76.0		"Lincoln Twp"	"3"	181.0	0.40331492	0.5480226	0.48295453	0.44666666	0.4829932	0.4727904	85.57506	95.42494	"LINCOLN TWP"
135	"80"	13	"Black Hawk"	359	19	13017	19013013017	"P"	"EAGLE TWP"	"EAGLE TWP Voting District"	"V2"	"G5240"	"S"	94879904	18788	42.34818	-92.36424	33146	460	"751"	"0.478029294"	"EAGLE/ORANGE TWPS"	175.43675	69.31425	106.122505	87.001335	88.43542	86.5233	84.61118					42.066578	132.89215	65.96804	88.43542	0.95605856	58.797604	92.25965		"Eagle/Orange Twps"	"3"	175.43675	0.39509538	0.49591282	0.50558656	0.42724457	0.3892405	0.442616	77.65111	97.78564	"EAGLE/ORANGE TWPS"
136	"80"	13	"Black Hawk"	392	19	13016	19013013016	"P"	"ORANGE TWP"	"ORANGE TWP Voting District"	"V2"	"G5240"	"S"	47403578	18698	42.406708	-92.367065	33106	457	"751"	"0.521970706"	"EAGLE/ORANGE TWPS"	191.56325	75.68575	115.877495	94.998665	96.56458	94.4767	92.38882					45.933422	145.10785	72.03196	96.56458	1.0439414	64.2024	100.74035		"Eagle/Orange Twps"	"3"	191.56325	0.39509538	0.49591282	0.50558656	0.42724457	0.3892405	0.442616	84.78895	106.7743	"EAGLE/ORANGE TWPS"
137	"64"	13	"Black Hawk"	1256	19	13015	19013013015	"A"	"CEDAR TWP"	"CEDAR TWP Voting District"	"V2"	"G5240"	"N"	70232399	2472240	42.389416	-92.25758	32967	1588	"1256"	"1"	"CEDAR TWP"	716.0	410.0	306.0	492.0	224.0	483.0	230.0					386.0	321.0	386.0	214.0	7.0	373.0	217.0		"Cedar Twp"	"3"	716.0	0.5726257	0.68715084	0.67741936	0.6433333	0.6322034	0.6425465	460.0633	255.9367	"CEDAR TWP"
138	"62"	13	"Black Hawk"	249	19	13013	19013013013	"P"	"SPRING CREEK TWP"	"SPRING CREEK TWP Voting District"	"V2"	"G5240"	"S"	71869699	1167683	42.346764	-92.114334	32679	336	"2123"	"0.117286858"	"BIG/SPRING CREEK TWPS"	125.26237	64.97692	60.285446	78.93406	46.32831	80.22421	43.865284					54.303814	67.90909	56.766838	48.087612	1.5247291	55.711258	47.50118		"Big/Spring Creek Twps"	"3"	125.26237	0.5187266	0.63014984	0.64650285	0.541387	0.53977275	0.5753078	72.06441	53.19795	"BIG/SPRING CREEK TWPS"
139	"62"	13	"Black Hawk"	1874	19	13014	19013013014	"P"	"BIG CREEK TWP"	"BIG CREEK TWP Voting District"	"V2"	"G5240"	"S"	65217231	1698326	42.320625	-92.21228	32758	2560	"2123"	"0.882713142"	"BIG/SPRING CREEK TWPS"	942.7376	489.02307	453.71457	594.0659	348.6717	603.7758	330.1347					408.6962	511.0909	427.23315	361.91238	11.475271	419.28876	357.4988		"Big/Spring Creek Twps"	"3"	942.7376	0.5187266	0.63014984	0.64650285	0.541387	0.53977275	0.5753078	542.3643	400.3733	"BIG/SPRING CREEK TWPS"
140	"90"	13	"Black Hawk"	67	19	13012	19013013012	"P"	"JESUP IN BLACK HAWK COUNTY"	"JESUP IN BLACK HAWK COUNTY Voting District"	"V2"	"G5240"	"S"	265036	0	42.466248	-92.06768	32664	117	"1325"	"0.050566038"	"POYNER P2/FOX TWPS"	35.547924	19.872454	15.675471	23.159245	11.478491	23.563774	10.871698		20.681509	12.236981		16.889057	16.686792	17.546415	11.630189	0.4045283	17.596981	10.618868		"Poyner P2/Fox Twps"	"3"	35.547924	0.55903274	0.66861314	0.6842878	0.6013865	0.6236559	0.6273952	22.3026	13.24533	"POYNER P2/FOX TWPS"
141	"90"	13	"Black Hawk"	345	19	13011	19013013011	"P"	"FOX TWP W/O JESUP"	"FOX TWP W/O JESUP Voting District"	"V2"	"G5240"	"S"	89089618	0	42.426327	-92.12291	32581	490	"1325"	"0.260377358"	"POYNER P2/FOX TWPS"	183.04529	102.3283	80.71698	119.25283	59.10566	121.335846	55.981133		106.49434	63.011322		86.966034	85.92453	90.350945	59.88679	2.0830188	90.61132	54.679245		"Poyner P2/Fox Twps"	"3"	183.04529	0.55903274	0.66861314	0.6842878	0.6013865	0.6236559	0.6273952	114.8417	68.20355	"POYNER P2/FOX TWPS"
142	"90"	13	"Black Hawk"	913	19	13010	19013013010	"P"	"POYNER PCT 2"	"POYNER PCT 2"	"0"	"G5240"	"S"	36380598	1518032	42.4031	-92.205185	32463	1152	"1325"	"0.689056604"	"POYNER P2/FOX TWPS"	484.4068	270.79926	213.60754	315.58792	156.41585	321.10037	148.14717		281.82416	166.7517		230.14491	227.38867	239.10265	158.48302	5.5124526	239.7917	144.70189		"Poyner P2/Fox Twps"	"3"	484.4068	0.55903274	0.66861314	0.6842878	0.6013865	0.6236559	0.6273952	303.9145	180.4923	"POYNER P2/FOX TWPS"
143	"89"	13	"Black Hawk"	859	19	13009	19013013009	"A"	"POYNER PCT 1/EAST WATERLOO TWP"	"POYNER PCT 1/EAST WATERLOO TWP"	"0"	"G5240"	"N"	72484050	50282	42.508694	-92.24309	32334	1058	"1465"	"0.586348123"	"POYNER P1/ E WLOO P1 TWPS"	428.62048	251.54335	177.07713	294.34677	130.16928	297.86484	131.92833					311.9372	0.0	221.05324	106.715355	3.5180888	219.2942	106.12901		"Poyner P1/ E Wloo P1 Twps"	"3"	428.62048	0.58686733	0.69337016	0.6930423	0.6744186	0.6738739	0.6643144	284.7388	143.8817	"POYNER P1/ E WLOO P1 TWPS"
144	"60"	13	"Black Hawk"	367	19	13008	19013013008	"P"	"BARCLAY TWP"	"BARCLAY TWP Voting District"	"V2"	"G5240"	"S"	93345652	27010	42.504642	-92.13098	32268	474	"971"	"0.377960865"	"BARCLAY TWP/DUNKERTON"	205.98868	91.46653	114.52214	117.16787	86.931	118.30175	83.52935		104.3172	93.73429		83.90731	117.16787	88.44284	76.34809	1.8898044	83.15139	79.37178		"Barclay Twp/Dunkerton"	"3"	205.98868	0.4440367	0.5740741	0.5861423	0.53669727	0.5116279	0.5305157	109.2802	96.70846	"BARCLAY TWP/DUNKERTON"
145	"60"	13	"Black Hawk"	604	19	13007	19013013007	"P"	"DUNKERTON"	"DUNKERTON Voting District"	"V2"	"G5240"	"S"	2539112	25977	42.567764	-92.166046	32218	852	"971"	"0.622039135"	"BARCLAY TWP/DUNKERTON"	339.01132	150.53348	188.47786	192.83214	143.069	194.69824	137.47064		171.6828	154.2657		138.09268	192.83214	145.55716	125.65191	3.1101956	136.8486	130.62822		"Barclay Twp/Dunkerton"	"3"	339.01132	0.4440367	0.5740741	0.5861423	0.53669727	0.5116279	0.5305157	179.8508	159.1605	"BARCLAY TWP/DUNKERTON"
146	"86"	13	"Black Hawk"	527	19	13006	19013013006	"A"	"LESTER TWP W/O DUNKERTON"	"LESTER TWP W/O DUNKERTON Voting District"	"V2"	"G5240"	"N"	89564236	780689	42.605236	-92.1481	32090	742	"527"	"1"	"LESTER (RURAL ONLY)"	298.0	151.0	147.0	186.0	109.0	168.0	118.0					135.0	148.0	112.0	114.0	2.0	113.0	114.0		"Lester (Rural Only)"	"3"	298.0	0.5067114	0.6305085	0.5874126	0.49557522	0.49779737	0.543601	161.9931	136.0069	"LESTER (RURAL ONLY)"
147	"120"	13	"Black Hawk"	1846	19	13066	19013013066	"A"	"WATERLOO W5P4"	"WATERLOO W5P4"	"0"	"G5240"	"N"	1363849	1327	42.472534	-92.34835	37302	2334	"1846"	"1"	"WLOO W5P4"	756.0	394.0	362.0	436.0	303.0	438.0	303.0					309.0	448.0	428.0	347.0	5.0	416.0	337.0		"WLOO W5P4"	"3"	756.0	0.521164	0.58998644	0.5910931	0.5522581	0.55245686	0.5613917	424.4121	331.5879	"WLOO W5P4"
148	"119"	13	"Black Hawk"	1646	19	13065	19013013065	"A"	"WATERLOO W5P3"	"WATERLOO W5P3"	"0"	"G5240"	"N"	1046012	0	42.482292	-92.34795	37224	2272	"1646"	"1"	"WLOO W5P3"	619.0	401.0	218.0	442.0	166.0	427.0	183.0					338.0	275.0	303.0	174.0	10.0	289.0	183.0		"WLOO W5P3"	"3"	619.0	0.64781904	0.7269737	0.7	0.6352201	0.6122881	0.6644602	411.3008	207.6991	"WLOO W5P3"
149	"118"	13	"Black Hawk"	1904	19	13064	19013013064	"A"	"WATERLOO W5P2"	"WATERLOO W5P2"	"0"	"G5240"	"N"	1012803	0	42.480415	-92.33555	37152	2539	"1904"	"1"	"WLOO W5P2"	818.0	514.0	304.0	586.0	218.0	575.0	231.0					408.0	405.0	433.0	234.0	9.0	428.0	223.0		"WLOO W5P2"	"3"	818.0	0.6283619	0.7288557	0.7133995	0.6491754	0.6574501	0.6754485	552.5169	265.4831	"WLOO W5P2"
150	"117"	13	"Black Hawk"	1575	19	13063	19013013063	"A"	"WATERLOO W5P1"	"WATERLOO W5P1"	"0"	"G5240"	"N"	1428758	101825	42.488922	-92.33581	37044	2290	"1575"	"1"	"WLOO W5P1"	418.0	320.0	98.0	335.0	78.0	331.0	81.0					265.0	149.0	175.0	65.0	3.0	171.0	67.0		"WLOO W5P1"	"3"	418.0	0.76555026	0.81113803	0.8033981	0.7291667	0.7184874	0.7655481	319.9991	98.00089	"WLOO W5P1"
151	"116"	13	"Black Hawk"	1640	19	13062	19013013062	"A"	"WATERLOO W4P6"	"WATERLOO W4P6"	"0"	"G5240"	"N"	6303704	0	42.489452	-92.28578	36946	2269	"1640"	"1"	"WLOO W4P6"	488.0	339.0	149.0	373.0	109.0	376.0	104.0					397.0	0.0	248.0	114.0	5.0	249.0	106.0		"WLOO W4P6"	"3"	488.0	0.6946721	0.7738589	0.78333336	0.68508285	0.70140845	0.7276711	355.1035	132.8965	"WLOO W4P6"
152	"115"	13	"Black Hawk"	1592	19	13061	19013013061	"A"	"WATERLOO W4P5"	"WATERLOO W4P5"	"0"	"G5240"	"N"	16476779	0	42.51298	-92.28749	36797	2186	"1592"	"1"	"WLOO W4P5"	494.0	416.0	78.0	414.0	66.0	423.0	58.0					426.0	0.0	365.0	75.0	8.0	372.0	74.0		"WLOO W4P5"	"3"	494.0	0.84210527	0.8625	0.8794179	0.82954544	0.8340807	0.8495299	419.6678	74.33224	"WLOO W4P5"
153	"114"	13	"Black Hawk"	1669	19	13060	19013013060	"A"	"WATERLOO W4P4"	"WATERLOO W4P4"	"0"	"G5240"	"N"	2144642	229336	42.486465	-92.31013	36696	2306	"1669"	"1"	"WLOO W4P4"	586.0	425.0	161.0	461.0	119.0	460.0	113.0					471.0	0.0	314.0	90.0	8.0	310.0	86.0		"WLOO W4P4"	"3"	586.0	0.72525597	0.7948276	0.8027923	0.7772277	0.7828283	0.7765864	455.0796	130.9204	"WLOO W4P4"
154	"113"	13	"Black Hawk"	1465	19	13059	19013013059	"A"	"WATERLOO W4P3"	"WATERLOO W4P3"	"0"	"G5240"	"N"	1418559	107156	42.496193	-92.32587	36575	2074	"1465"	"1"	"WLOO W4P3"	349.0	287.0	62.0	290.0	57.0	286.0	63.0					308.0	0.0	136.0	46.0	5.0	141.0	47.0		"WLOO W4P3"	"3"	349.0	0.82234955	0.83573484	0.81948423	0.74725276	0.75	0.7949643	277.4425	71.55747	"WLOO W4P3"
155	"112"	13	"Black Hawk"	1439	19	13058	19013013058	"A"	"WATERLOO W4P2"	"WATERLOO W4P2"	"0"	"G5240"	"N"	1775962	45281	42.50521	-92.33351	36465	1977	"1439"	"1"	"WLOO W4P2"	312.0	286.0	26.0	273.0	26.0	270.0	29.0					285.0	0.0	183.0	36.0	2.0	179.0	34.0		"WLOO W4P2"	"3"	312.0	0.9166667	0.9130435	0.90301	0.8356164	0.8403756	0.8817424	275.1036	36.89637	"WLOO W4P2"
156	"111"	13	"Black Hawk"	1544	19	13057	19013013057	"A"	"WATERLOO W4P1"	"WATERLOO W4P1"	"0"	"G5240"	"N"	4062651	0	42.52011	-92.32277	36372	2094	"1544"	"1"	"WLOO W4P1"	462.0	422.0	40.0	404.0	38.0	418.0	34.0					411.0	0.0	369.0	61.0	4.0	370.0	53.0		"WLOO W4P1"	"3"	462.0	0.9134199	0.91402715	0.92477876	0.8581395	0.8747045	0.897014	414.4204	47.57955	"WLOO W4P1"
157	"110"	13	"Black Hawk"	1752	19	13056	19013013056	"A"	"WATERLOO W3P6"	"WATERLOO W3P6"	"0"	"G5240"	"N"	3154504	413651	42.501434	-92.35204	36247	2372	"1752"	"1"	"WLOO W3P6"	373.0	281.0	92.0	296.0	71.0	307.0	68.0					224.0	152.0	200.0	88.0	6.0	194.0	93.0		"WLOO W3P6"	"3"	373.0	0.7533512	0.80653954	0.8186667	0.6944444	0.6759582	0.749792	279.6724	93.32757	"WLOO W3P6"
158	"109"	13	"Black Hawk"	2413	19	13055	19013013055	"A"	"WATERLOO W3P5"	"WATERLOO W3P5"	"0"	"G5240"	"N"	3056545	48781	42.500084	-92.37449	36086	3042	"2413"	"1"	"WLOO W3P5"	965.0	608.0	357.0	691.0	272.0	679.0	283.0		543.0	417.0		627.0	328.0	530.0	250.0	18.0	506.0	262.0		"WLOO W3P5"	"3"	965.0	0.6300518	0.7175493	0.7058212	0.67948717	0.6588542	0.6783527	654.6104	310.3896	"WLOO W3P5"
159	"108"	13	"Black Hawk"	1474	19	13054	19013013054	"A"	"WATERLOO W3P4"	"WATERLOO W3P4"	"0"	"G5240"	"N"	2138215	205033	42.513603	-92.35139	35978	2069	"1474"	"1"	"WLOO W3P4"	510.0	378.0	132.0	414.0	84.0	425.0	83.0					423.0	0.0	264.0	91.0	4.0	255.0	91.0		"WLOO W3P4"	"3"	510.0	0.7411765	0.8313253	0.8366142	0.743662	0.7369942	0.7779545	396.7568	113.2432	"WLOO W3P4"
160	"107"	13	"Black Hawk"	1328	19	13053	19013013053	"A"	"WATERLOO W3P3"	"WATERLOO W3P3"	"0"	"G5240"	"N"	1906071	0	42.521564	-92.34546	35909	1875	"1328"	"1"	"WLOO W3P3"	431.0	360.0	71.0	361.0	60.0	365.0	62.0					390.0	0.0	242.0	75.0	8.0	236.0	82.0		"WLOO W3P3"	"3"	431.0	0.8352668	0.8574822	0.85480094	0.76340693	0.7421384	0.8106191	349.3768	81.62318	"WLOO W3P3"
161	"106"	13	"Black Hawk"	1607	19	13052	19013013052	"A"	"WATERLOO W3P2"	"WATERLOO W3P2"	"0"	"G5240"	"N"	17714856	38270	42.54905	-92.347336	35827	2048	"1607"	"1"	"WLOO W3P2"	623.0	442.0	181.0	477.0	140.0	478.0	142.0					478.0	0.0	388.0	132.0	5.0	380.0	131.0		"WLOO W3P2"	"3"	623.0	0.70947033	0.7730956	0.7709677	0.74615383	0.74363995	0.7486655	466.4186	156.5814	"WLOO W3P2"
162	"61"	13	"Black Hawk"	354	19	13005	19013013005	"A"	"BENNINGTON TWP"	"BENNINGTON TWP Voting District"	"V2"	"G5240"	"N"	93027346	142482	42.59229	-92.26824	32013	446	"354"	"1"	"BENNINGTON TWP"	206.0	85.0	121.0	117.0	89.0	106.0	95.0					79.0	120.0	97.0	87.0	4.0	85.0	90.0		"Bennington Twp"	"3"	206.0	0.41262135	0.56796116	0.5273632	0.52717394	0.4857143	0.5041668	103.8584	102.1416	"BENNINGTON TWP"
163	"88"	13	"Black Hawk"	899	19	13004	19013013004	"A"	"MOUNT VERNON TWP"	"MOUNT VERNON TWP Voting District"	"V2"	"G5240"	"N"	82381507	0	42.60396	-92.37502	31935	1140	"899"	"1"	"MT VERNON TWP"	445.0	206.0	239.0	268.0	176.0	260.0	185.0					207.0	230.0	204.0	160.0	9.0	195.0	155.0		"Mt Vernon Twp"	"3"	445.0	0.46292135	0.6036036	0.58426964	0.5604396	0.55714285	0.5536754	246.3856	198.6144	"MT VERNON TWP"
164	"92"	13	"Black Hawk"	90	19	13003	19013013003	"P"	"JANESVILLE IN BLACK HAWK COUNTY"	"JANESVILLE IN BLACK HAWK COUNTY Voting District"	"V2"	"G5240"	"S"	1087443	34912	42.639996	-92.462456	31917	127	"537"	"0.167597765"	"WASHINGTON TWP"	55.139664	26.648045	28.491621	33.016758	20.782124	33.016758	21.284916					25.810057	27.486034	22.122906	21.11732	0.83798885	21.78771	20.782124		"Washington Twp"	"3"	55.139664	0.4832827	0.6137072	0.6080247	0.5116279	0.511811	0.5456907	30.0892	25.05046	"WASHINGTON TWP"
165	"92"	13	"Black Hawk"	447	19	13002	19013013002	"P"	"WASHINGTON TWP W/O JANESVILLE"	"WASHINGTON TWP W/O JANESVILLE Voting District"	"V2"	"G5240"	"S"	36381132	974325	42.60641	-92.46536	31837	570	"537"	"0.832402235"	"WASHINGTON TWP"	273.86032	132.35196	141.50838	163.98325	103.21788	163.98325	105.71508					128.18994	136.51396	109.8771	104.88268	4.162011	108.21229	103.21788		"Washington Twp"	"3"	273.86032	0.4832827	0.6137072	0.6080247	0.5116279	0.511811	0.5456907	149.443	124.4173	"WASHINGTON TWP"
166	"91"	13	"Black Hawk"	670	19	13001	19013013001	"A"	"UNION TWP"	"UNION TWP Voting District"	"V2"	"G5240"	"N"	46188605	1330146	42.588566	-92.53192	31730	881	"670"	"1"	"UNION TOWNSHIP"	417.0	159.0	258.0	202.0	210.0	203.0	209.0		140.0	274.0		159.0	245.0	143.0	241.0	1.0	142.0	240.0		"Union Township"	"3"	417.0	0.38129497	0.49029127	0.49271846	0.37239584	0.37172773	0.4216857	175.8429	241.1571	"UNION TOWNSHIP"
167	"89"	13	"Black Hawk"	606	19	13069	19013013069	"P"	"RAYMOND"	"RAYMOND Voting District"	"V2"	"G5240"	"S"	4226353	0	42.46938	-92.229576	37490	788	"1465"	"0.413651877"	"POYNER P1/ E WLOO P1 TWPS"	302.37952	177.45665	124.92287	207.65324	91.83072	210.13515	93.07167					220.0628	0.0	155.94676	75.284645	2.4819112	154.7058	74.87099		"Poyner P1/ E Wloo P1 Twps"	"3"	302.37952	0.58686733	0.69337016	0.6930423	0.6744186	0.6738739	0.6643144	200.8751	101.5044	"POYNER P1/ E WLOO P1 TWPS"
168	"105"	13	"Black Hawk"	1569	19	13051	19013013051	"A"	"WATERLOO W3P1"	"WATERLOO W3P1"	"0"	"G5240"	"N"	20688635	2115786	42.535515	-92.396286	35659	2042	"1569"	"1"	"WLOO W3P1"	658.0	420.0	238.0	466.0	187.0	462.0	196.0					492.0	0.0	368.0	193.0	14.0	362.0	192.0		"WLOO W3P1"	"3"	658.0	0.63829786	0.7136294	0.70212764	0.65597147	0.6534296	0.6726912	442.6308	215.3692	"WLOO W3P1"
169	"104"	13	"Black Hawk"	1648	19	13050	19013013050	"A"	"WATERLOO W2P6"	"WATERLOO W2P6"	"0"	"G5240"	"N"	9717577	0	42.443455	-92.361145	35594	2107	"1648"	"1"	"WLOO W2P6"	895.0	392.0	503.0	475.0	399.0	469.0	405.0					428.0	438.0	327.0	437.0	3.0	331.0	418.0		"WLOO W2P6"	"3"	895.0	0.43798882	0.54347825	0.5366133	0.42801046	0.44192258	0.4776027	427.4544	467.5456	"WLOO W2P6"
170	"103"	13	"Black Hawk"	2378	19	13049	19013013049	"A"	"WATERLOO W2P5"	"WATERLOO W2P5"	"0"	"G5240"	"N"	9888984	26199	42.436787	-92.30673	35520	2961	"2378"	"1"	"WLOO W2P5"	845.0	476.0	369.0	550.0	286.0	531.0	302.0		341.0	536.0		373.0	467.0	366.0	279.0	5.0	363.0	266.0		"WLOO W2P5"	"3"	845.0	0.5633136	0.65789473	0.637455	0.5674419	0.57710654	0.6006423	507.5428	337.4572	"WLOO W2P5"
171	"102"	13	"Black Hawk"	2331	19	13048	19013013048	"A"	"WATERLOO W2P4"	"WATERLOO W2P4"	"0"	"G5240"	"N"	13370039	1061520	42.459015	-92.321465	35369	2853	"2331"	"1"	"WLOO W2P4"	858.0	513.0	345.0	563.0	292.0	567.0	279.0					383.0	475.0	406.0	232.0	5.0	395.0	225.0		"WLOO W2P4"	"3"	858.0	0.5979021	0.6584795	0.67021275	0.6363636	0.63709676	0.640011	549.1294	308.8706	"WLOO W2P4"
172	"101"	13	"Black Hawk"	1975	19	13047	19013013047	"A"	"WATERLOO W2P3"	"WATERLOO W2P3"	"0"	"G5240"	"N"	1310043	0	42.472992	-92.33258	35303	2556	"1975"	"1"	"WLOO W2P3"	769.0	430.0	339.0	532.0	226.0	518.0	238.0					325.0	446.0	451.0	242.0	3.0	418.0	253.0		"WLOO W2P3"	"3"	769.0	0.55916774	0.70184696	0.6851852	0.6507937	0.6229508	0.6439888	495.2274	273.7726	"WLOO W2P3"
173	"100"	13	"Black Hawk"	1576	19	13046	19013013046	"A"	"WATERLOO W2P2"	"WATERLOO W2P2"	"0"	"G5240"	"N"	1016433	0	42.46239	-92.34172	35276	1983	"1576"	"1"	"WLOO W2P2"	507.0	323.0	184.0	342.0	161.0	354.0	148.0					246.0	261.0	218.0	142.0	1.0	222.0	130.0		"WLOO W2P2"	"3"	507.0	0.63708085	0.6799205	0.7051793	0.60555553	0.6306818	0.6516836	330.4036	176.5964	"WLOO W2P2"
174	"99"	13	"Black Hawk"	1399	19	13045	19013013045	"A"	"WATERLOO W2P1"	"WATERLOO W2P1"	"0"	"G5240"	"N"	863096	23176	42.46213	-92.352776	35249	1649	"1399"	"1"	"WLOO W2P1"	640.0	322.0	318.0	350.0	267.0	372.0	248.0					232.0	395.0	273.0	277.0	5.0	262.0	275.0		"WLOO W2P1"	"3"	640.0	0.503125	0.5672609	0.6	0.49636364	0.48789573	0.5309291	339.7946	300.2054	"WLOO W2P1"
175	"98"	13	"Black Hawk"	2079	19	13044	19013013044	"A"	"WATERLOO W1P6"	"WATERLOO W1P6"	"0"	"G5240"	"N"	20806758	159993	42.451813	-92.404335	35128	2593	"2079"	"1"	"WLOO W1P6"	1033.0	414.0	619.0	503.0	510.0	514.0	503.0		365.0	646.0		456.0	541.0	386.0	543.0	8.0	377.0	552.0		"WLOO W1P6"	"3"	1033.0	0.40077445	0.49654493	0.50540805	0.41550055	0.4058127	0.4448081	459.4868	573.5132	"WLOO W1P6"
176	"97"	13	"Black Hawk"	1671	19	13043	19013013043	"A"	"WATERLOO W1P5"	"WATERLOO W1P5"	"0"	"G5240"	"N"	1996774	0	42.47266	-92.3841	35092	2054	"1671"	"1"	"WLOO W1P5"	745.0	392.0	353.0	463.0	265.0	477.0	251.0		357.0	377.0		405.0	311.0	302.0	280.0	5.0	305.0	266.0		"WLOO W1P5"	"3"	745.0	0.5261745	0.635989	0.6552198	0.51890033	0.5341506	0.5740868	427.6947	317.3053	"WLOO W1P5"
177	"96"	13	"Black Hawk"	1829	19	13042	19013013042	"A"	"WATERLOO W1P4"	"WATERLOO W1P4"	"0"	"G5240"	"N"	6404387	180551	42.485542	-92.3869	35001	2368	"1829"	"1"	"WLOO W1P4"	797.0	439.0	358.0	506.0	280.0	499.0	294.0		387.0	401.0		436.0	344.0	397.0	275.0	11.0	374.0	281.0		"WLOO W1P4"	"3"	797.0	0.5508156	0.6437659	0.629256	0.5907738	0.57099235	0.5971208	475.9052	321.0948	"WLOO W1P4"
178	"95"	13	"Black Hawk"	1800	19	13041	19013013041	"A"	"WATERLOO W1P3"	"WATERLOO W1P3"	"0"	"G5240"	"N"	880560	0	42.48756	-92.35882	34930	2535	"1800"	"1"	"WLOO W1P3"	739.0	496.0	243.0	538.0	196.0	528.0	201.0					404.0	333.0	345.0	211.0	6.0	345.0	205.0		"WLOO W1P3"	"3"	739.0	0.67117727	0.73297	0.7242798	0.6205036	0.6272727	0.6752407	499.0029	239.9971	"WLOO W1P3"
179	"94"	13	"Black Hawk"	1873	19	13040	19013013040	"A"	"WATERLOO W1P2"	"WATERLOO W1P2"	"0"	"G5240"	"N"	2202923	0	42.497402	-92.39708	34871	2477	"1873"	"1"	"WLOO W1P2"	893.0	509.0	384.0	577.0	296.0	579.0	294.0		443.0	437.0		534.0	329.0	417.0	294.0	6.0	416.0	286.0		"WLOO W1P2"	"3"	893.0	0.5699888	0.6609393	0.66323024	0.5864979	0.5925926	0.6146498	548.8823	344.1178	"WLOO W1P2"
180	"93"	13	"Black Hawk"	1765	19	13039	19013013039	"A"	"WATERLOO W1P1"	"WATERLOO W1P1"	"0"	"G5240"	"N"	2046170	0	42.508778	-92.395905	34813	2188	"1765"	"1"	"WLOO W1P1"	951.0	510.0	441.0	577.0	352.0	565.0	353.0		431.0	499.0		546.0	375.0	485.0	333.0	5.0	460.0	338.0		"WLOO W1P1"	"3"	951.0	0.5362776	0.621098	0.6154684	0.5929095	0.5764411	0.5884389	559.6054	391.3946	"WLOO W1P1"
181	"82"	13	"Black Hawk"	3644	19	13038	19013013038	"P"	"EVANSDALE"	"EVANSDALE Voting District"	"V2"	"G5240"	"S"	10487156	168986	42.465687	-92.269424	34647	4751	"3644"	"1"	"EVANS W1, W2, W3, & W4"	1632.0	1070.0	562.0	1200.0	408.0	1185.0	425.0					1239.0	0.0	840.0	331.0	23.0	828.0	331.0		"EVANS W1"	"3"	1632.0	0.65563726	0.74626863	0.73602486	0.7173356	0.714409	0.7139351	1165.142	466.8579	"EVANS W1"
182	"81"	13	"Black Hawk"	901	19	13037	19013013037	"P"	"ELK RUN HEIGHTS"	"ELK RUN HEIGHTS Voting District"	"V2"	"G5240"	"S"	2751615	7782	42.464195	-92.25052	34586	1117	"901"	"1"	"ELK RUN HEIGHTS"	470.0	304.0	166.0	336.0	120.0	352.0	107.0					356.0	0.0	262.0	111.0	0.0	253.0	113.0		"Elk Run Heights"	"3"	470.0	0.6468085	0.7368421	0.7668845	0.70241284	0.6912568	0.708841	333.1552	136.8447	"Elk Run Heights"
183	"79"	13	"Black Hawk"	2626	19	13036	19013013036	"A"	"CEDAR FALLS W5P3"	"CEDAR FALLS W5P3"	"0"	"G5240"	"N"	11130379	50983	42.48763	-92.42454	34514	3370	"2626"	"1"	"CF W5P3"	1269.0	577.0	692.0	657.0	572.0	690.0	536.0					628.0	576.0	555.0	566.0	2.0	525.0	560.0		"CF W5P3"	"3"	1269.0	0.45468873	0.53458095	0.5628059	0.49509367	0.48387095	0.5062081	642.3781	626.6219	"CF W5P3"
184	"78"	13	"Black Hawk"	1254	19	13035	19013013035	"A"	"CEDAR FALLS W5P2"	"CEDAR FALLS W5P2"	"0"	"G5240"	"N"	671218	0	42.5072	-92.43306	34484	1602	"1254"	"1"	"CF W5P2"	562.0	310.0	252.0	362.0	184.0	336.0	208.0					308.0	229.0	241.0	211.0	7.0	236.0	205.0		"CF W5P2"	"3"	562.0	0.5516014	0.6630037	0.61764705	0.53318584	0.53514737	0.580117	326.0258	235.9742	"CF W5P2"
185	"123"	15	"Boone"	9693	19	15015	19015015015	"P"	"BOONE W/DES MOINES TWP PART"	"BOONE W/DES MOINES TWP PART Voting District"	"V2"	"G5240"	"S"	23369491	9923	42.04937	-93.87273	39026	12670	"9693"	"1"	"BOONE 1, 2, 3, 4, & 5"	3647.0	1815.0	1832.0	2188.0	1463.0	1078.0	1984.0		1453.0	2165.0		2710.0	0.0	1856.0	1496.0	52.0	1422.0	1848.0		"Boone 1"	"3"	3647.0	0.4976693	0.59928787	0.3520575	0.55369925	0.43486238	0.4875153	1777.968	1869.032	"Boone 1"
186	"138"	15	"Boone"	485	19	15014	19015015014	"P"	"WORTH TWP W/O BOONE & LUTHER"	"WORTH TWP W/O BOONE & LUTHER Voting District"	"V2"	"G5240"	"S"	66845422	470526	41.99863	-93.86396	38945	594	"485"	"1"	"RURAL PRECINCT 7"	241.0	96.0	145.0	126.0	113.0	130.0	204.0		79.0	155.0		149.0	0.0	109.0	114.0	1.0	84.0	137.0		"Rural Precinct 7"	"3"	241.0	0.39834026	0.52719665	0.38922155	0.48878923	0.3800905	0.4367276	105.2514	135.7486	"Rural Precinct 7"
187	"131"	15	"Boone"	1537	19	15013	19015015013	"P"	"OGDEN"	"OGDEN Voting District"	"V2"	"G5240"	"S"	3557336	0	42.039425	-94.028435	38772	2044	"1537"	"1"	"OGDEN"	735.0	364.0	371.0	433.0	317.0	261.0	446.0		294.0	452.0		537.0	0.0	370.0	281.0	11.0	263.0	380.0		"Ogden"	"3"	735.0	0.4952381	0.57733333	0.36916548	0.5683564	0.40902022	0.4838227	355.6097	379.3903	"Ogden"
188	"135"	15	"Boone"	685	19	15012	19015015012	"P"	"MARCY TWP W/O OGDEN"	"MARCY TWP W/O OGDEN Voting District"	"V2"	"G5240"	"S"	107773261	582097	41.986397	-93.97939	38637	896	"1410"	"0.485815603"	"RURAL PRECINCT 4"	315.78015	124.85461	190.92554	152.06029	167.60638	68.98582	116.59574		95.70567	222.50354		190.43971	0.0	135.05673	158.86171	3.886525	104.450356	180.2376		"Rural Precinct 4"	"3"	315.78015	0.3953846	0.4756839	0.37172773	0.45950413	0.3668942	0.4138389	130.6821	185.098	"Rural Precinct 4"
189	"135"	15	"Boone"	120	19	15011	19015015011	"P"	"BEAVER TWP W/O BERKLEY"	"BEAVER TWP W/O BERKLEY Voting District"	"V2"	"G5240"	"S"	90776766	0	41.992428	-94.10622	38566	143	"1410"	"0.085106383"	"RURAL PRECINCT 4"	55.31915	21.872341	33.446808	26.638298	29.361702	12.085107	20.425531		16.765957	38.97872		33.361702	0.0	23.659575	27.829786	0.68085104	18.297873	31.574469		"Rural Precinct 4"	"3"	55.31915	0.3953846	0.4756839	0.37172773	0.45950413	0.3668942	0.4138389	22.89322	32.42593	"Rural Precinct 4"
190	"135"	15	"Boone"	36	19	15010	19015015010	"P"	"BEAVER"	"BEAVER Voting District"	"V2"	"G5240"	"S"	645119	0	42.038208	-94.13991	38546	48	"1410"	"0.025531915"	"RURAL PRECINCT 4"	16.595745	6.5617023	10.034042	7.9914894	8.808511	3.625532	6.12766		5.029787	11.693617		10.008511	0.0	7.0978723	8.348936	0.20425531	5.489362	9.472341		"Rural Precinct 4"	"3"	16.595745	0.3953846	0.4756839	0.37172773	0.45950413	0.3668942	0.4138389	6.867965	9.727779	"Rural Precinct 4"
191	"135"	15	"Boone"	152	19	15009	19015015009	"P"	"AMAQUA TWP W/O BEAVER"	"AMAQUA TWP W/O BEAVER Voting District"	"V2"	"G5240"	"S"	94329093	24425	42.083958	-94.11033	38443	193	"1410"	"0.107801418"	"RURAL PRECINCT 4"	70.07092	27.704964	42.36596	33.741844	37.19149	15.307801	25.872341		21.23688	49.37305		42.258156	0.0	29.968794	35.251064	0.8624113	23.177305	39.994328		"Rural Precinct 4"	"3"	70.07092	0.3953846	0.4756839	0.37172773	0.45950413	0.3668942	0.4138389	28.99808	41.07285	"Rural Precinct 4"
192	"136"	15	"Boone"	83	19	15008	19015015008	"P"	"FRASER"	"FRASER Voting District"	"V2"	"G5240"	"S"	2152328	130222	42.126915	-93.97467	38390	102	"627"	"0.132376396"	"RURAL PRECINCT 5"	43.419456	25.416267	18.00319	30.314194	14.031898	20.121212	24.092505		18.79745	25.151516		34.81499	0.0	25.813396	11.5167465	0.2647528	18.267942	18.135567		"Rural Precinct 5"	"3"	43.419456	0.58536583	0.68358207	0.4550898	0.69148934	0.5018182	0.583469	25.33391	18.08555	"Rural Precinct 5"
193	"135"	15	"Boone"	417	19	15007	19015015007	"P"	"YELL TWP W/O FRASER & OGDEN"	"YELL TWP W/O FRASER & OGDEN Voting District"	"V2"	"G5240"	"S"	79888855	1202585	42.0907	-93.993866	38242	532	"1410"	"0.295744681"	"RURAL PRECINCT 4"	192.23404	76.006386	116.22766	92.568085	102.03191	41.995743	70.97872		58.261703	135.45107		115.931915	0.0	82.21702	96.70851	2.3659575	63.585106	109.721275		"Rural Precinct 4"	"3"	192.23404	0.3953846	0.4756839	0.37172773	0.45950413	0.3668942	0.4138389	79.55392	112.6801	"Rural Precinct 4"
194	"137"	15	"Boone"	742	19	15006	19015015006	"P"	"DES MOINES TWP PART W/O BOONE"	"DES MOINES TWP PART W/O BOONE Voting District"	"V2"	"G5240"	"S"	83040115	549984	42.09093	-93.88461	38099	941	"1373"	"0.540422433"	"RURAL PRECINCT 6"	319.38965	150.77786	168.6118	187.52658	140.50983	140.50983	268.58994		122.675896	201.57756		231.84122	0.0	163.20758	137.2673	4.863802	116.19083	179.96066		"Rural Precinct 6"	"3"	319.38965	0.4720812	0.5716639	0.34346104	0.54316545	0.39233577	0.4645415	148.3697	171.0199	"Rural Precinct 6"
195	"132"	15	"Boone"	527	19	15005	19015015005	"P"	"JACKSON TWP"	"JACKSON TWP Voting District"	"V2"	"G5240"	"S"	94971618	23711	42.08186	-93.766525	37990	716	"1477"	"0.356804333"	"RURAL PRECINCT 1"	250.11984	121.67028	128.44955	137.36967	113.10697	25.689913	59.943127					150.57143	56.375084	110.609344	106.684494	2.4976304	93.12593	120.95667		"Rural Precinct 1"	"3"	250.11984	0.48644793	0.54843307	0.3	0.5090312	0.435	0.4557824	114.0002	136.1196	"Rural Precinct 1"
196	"137"	15	"Boone"	277	19	15004	19015015004	"P"	"HARRISON TWP"	"HARRISON TWP Voting District"	"V2"	"G5240"	"S"	92996245	66288	42.163063	-93.76657	37896	354	"1373"	"0.201747997"	"RURAL PRECINCT 6"	119.23306	56.287693	62.945374	70.00655	52.45448	52.45448	100.26875		45.796795	75.25201		86.54989	0.0	60.927895	51.24399	1.815732	43.37582	67.18208		"Rural Precinct 6"	"3"	119.23306	0.4720812	0.5716639	0.34346104	0.54316545	0.39233577	0.4645415	55.3887	63.84436	"Rural Precinct 6"
197	"137"	15	"Boone"	354	19	15003	19015015003	"P"	"DODGE TWP W/O FRASER"	"DODGE TWP W/O FRASER Voting District"	"V2"	"G5240"	"S"	123566296	512170	42.174263	-93.90237	37770	462	"1373"	"0.25782957"	"RURAL PRECINCT 6"	152.37727	71.93445	80.442825	89.46686	67.03569	67.03569	128.1413		58.527313	96.17043		110.60889	0.0	77.86453	65.48871	2.320466	55.433357	85.85725		"Rural Precinct 6"	"3"	152.37727	0.4720812	0.5716639	0.34346104	0.54316545	0.39233577	0.4645415	70.78556	81.59171	"Rural Precinct 6"
198	"136"	15	"Boone"	269	19	15002	19015015002	"P"	"PILOT MOUND TWP W/O FRASER"	"PILOT MOUND TWP W/O FRASER Voting District"	"V2"	"G5240"	"S"	57393538	510110	42.173832	-94.015114	37687	340	"627"	"0.429027113"	"RURAL PRECINCT 5"	140.72089	82.37321	58.347687	98.24721	45.476875	65.21212	78.08293		60.92185	81.51515		112.83413	0.0	83.660286	37.32536	0.8580542	59.20574	58.776714		"Rural Precinct 5"	"3"	140.72089	0.58536583	0.68358207	0.4550898	0.69148934	0.5018182	0.583469	82.10628	58.6146	"Rural Precinct 5"
199	"136"	15	"Boone"	275	19	15001	19015015001	"P"	"GRANT TWP"	"GRANT TWP Voting District"	"V2"	"G5240"	"S"	93851181	0	42.16641	-94.10616	37588	337	"627"	"0.438596491"	"RURAL PRECINCT 5"	143.85965	84.210526	59.649124	100.4386	46.491226	66.666664	79.82456		62.2807	83.333336		115.350876	0.0	85.52631	38.157894	0.877193	60.526318	60.08772		"Rural Precinct 5"	"3"	143.85965	0.58536583	0.68358207	0.4550898	0.69148934	0.5018182	0.583469	83.93765	59.922	"Rural Precinct 5"
200	"134"	15	"Boone"	24	19	15025	19015015025	"P"	"BERKLEY"	"BERKLEY Voting District"	"V2"	"G5240"	"S"	536288	0	41.946415	-94.11365	40631	32	"614"	"0.039087948"	"RURAL PRECINCT 3"	12.195439	5.042345	7.1530943	6.4104233	5.9022803	6.6449513	6.957655		4.534202	7.42671		8.130293	0.0	4.6123776	5.7068405	0.15635179	3.2833877	7.1530943		"Rural Precinct 3"	"3"	12.195439	0.41346154	0.52063495	0.48850575	0.4469697	0.31460676	0.4368357	5.327404	6.868036	"Rural Precinct 3"
201	"134"	15	"Boone"	340	19	15024	19015015024	"P"	"UNION TWP W/O BERKLEY"	"UNION TWP W/O BERKLEY Voting District"	"V2"	"G5240"	"S"	92928141	0	41.90648	-94.106125	40539	435	"614"	"0.553745928"	"RURAL PRECINCT 3"	172.76872	71.43323	101.3355	90.81433	83.61564	94.13681	98.56677		64.23453	105.21172		115.17915	0.0	65.34202	80.84691	2.2149837	46.51466	101.3355		"Rural Precinct 3"	"3"	172.76872	0.41346154	0.52063495	0.48850575	0.4469697	0.31460676	0.4368357	75.47155	97.29717	"Rural Precinct 3"
202	"134"	15	"Boone"	250	19	15023	19015015023	"P"	"PEOPLES TWP"	"PEOPLES TWP Voting District"	"V2"	"G5240"	"S"	93884776	0	41.90676	-93.98953	40462	334	"614"	"0.407166124"	"RURAL PRECINCT 3"	127.03583	52.52443	74.5114	66.775246	61.482086	69.21824	72.47557		47.23127	77.361565		84.69055	0.0	48.0456	59.446255	1.6286645	34.201954	74.5114		"Rural Precinct 3"	"3"	127.03583	0.41346154	0.52063495	0.48850575	0.4469697	0.31460676	0.4368357	55.49379	71.54204	"Rural Precinct 3"
203	"133"	15	"Boone"	457	19	15022	19015015022	"P"	"CASS TWP"	"CASS TWP Voting District"	"V2"	"G5240"	"S"	46554308	800213	41.902782	-93.89218	40388	737	"897"	"0.509476031"	"RURAL PRECINCT 2"	199.7146	108.518394	91.19621	127.36901	74.3835	88.64883	111.57525		88.64883	109.537346		105.46154	82.53512	105.971016	63.17503	1.5284281	90.68674	76.93088		"Rural Precinct 2"	"3"	199.7146	0.5433673	0.63131315	0.4427481	0.62650603	0.54103345	0.5569936	111.2398	88.47485	"Rural Precinct 2"
204	"128"	15	"Boone"	1914	19	15021	19015015021	"P"	"MADRID"	"MADRID Voting District"	"V2"	"G5240"	"S"	3079187	0	41.87563	-93.82011	40210	2543	"1914"	"1"	"MADRID 1, 2, & 3"	1069.0	561.0	508.0	642.0	426.0	747.0	1402.0					731.0	194.0	506.0	336.0	1.0	406.0	421.0		"Madrid 1"	"3"	1069.0	0.5247895	0.6011236	0.34760353	0.6009501	0.49093106	0.5130796	548.4821	520.5179	"Madrid 1"
205	"133"	15	"Boone"	440	19	15020	19015015020	"P"	"DOUGLAS TWP W/O MADRID"	"DOUGLAS TWP W/O MADRID Voting District"	"V2"	"G5240"	"S"	42620385	453374	41.902203	-93.85008	40140	610	"897"	"0.490523969"	"RURAL PRECINCT 2"	192.2854	104.481606	87.80379	122.63099	71.6165	85.35117	107.42475		85.35117	105.462654		101.53846	79.46488	102.028984	60.82497	1.4715719	87.31326	74.06912		"Rural Precinct 2"	"3"	192.2854	0.5433673	0.63131315	0.4427481	0.62650603	0.54103345	0.5569936	107.1017	85.18366	"Rural Precinct 2"
206	"132"	15	"Boone"	20	19	15019	19015015019	"P"	"SHELDAHL IN BOONE COUNTY"	"SHELDAHL IN BOONE COUNTY Voting District"	"V2"	"G5240"	"S"	663221	0	41.86695	-93.70302	40126	29	"1477"	"0.013540961"	"RURAL PRECINCT 1"	9.492214	4.617468	4.8747463	5.21327	4.2924848	0.97494924	2.2748816					5.714286	2.139472	4.197698	4.0487475	0.09478673	3.534191	4.590386		"Rural Precinct 1"	"3"	9.492214	0.48644793	0.54843307	0.3	0.5090312	0.435	0.4557824	4.326385	5.16583	"Rural Precinct 1"
207	"132"	15	"Boone"	301	19	15018	19015015018	"P"	"GARDEN TWP W/O MADRID & SHELDAHL"	"GARDEN TWP W/O MADRID & SHELDAHL Voting District"	"V2"	"G5240"	"S"	92833428	29170	41.915123	-93.75282	40052	432	"1477"	"0.203791469"	"RURAL PRECINCT 1"	142.85782	69.49289	73.36493	78.45972	64.6019	14.672986	34.236965					86.0	32.19905	63.175354	60.93365	1.4265403	53.189575	69.085304		"Rural Precinct 1"	"3"	142.85782	0.48644793	0.54843307	0.3	0.5090312	0.435	0.4557824	65.11208	77.74574	"Rural Precinct 1"
208	"132"	15	"Boone"	102	19	15017	19015015017	"P"	"LUTHER"	"LUTHER Voting District"	"V2"	"G5240"	"S"	2006052	0	41.96693	-93.82005	40020	122	"1477"	"0.069058903"	"RURAL PRECINCT 1"	48.41029	23.549086	24.861206	26.587677	21.891672	4.972241	11.601895					29.142857	10.911306	21.40826	20.648613	0.48341233	18.024374	23.410969		"Rural Precinct 1"	"3"	48.41029	0.48644793	0.54843307	0.3	0.5090312	0.435	0.4557824	22.06456	26.34573	"Rural Precinct 1"
209	"132"	15	"Boone"	527	19	15016	19015015016	"P"	"COLFAX TWP W/O LUTHER"	"COLFAX TWP W/O LUTHER Voting District"	"V2"	"G5240"	"S"	90094394	0	41.99273	-93.756615	39916	660	"1477"	"0.356804333"	"RURAL PRECINCT 1"	250.11984	121.67028	128.44955	137.36967	113.10697	25.689913	59.943127					150.57143	56.375084	110.609344	106.684494	2.4976304	93.12593	120.95667		"Rural Precinct 1"	"3"	250.11984	0.48644793	0.54843307	0.3	0.5090312	0.435	0.4557824	114.0002	136.1196	"Rural Precinct 1"
210	"143"	17	"Bremer"	301	19	17019	19017017019	"P"	"FRANKLIN TWP"	"FRANKLIN TWP Voting District"	"V2"	"G5240"	"S"	93071106	658642	42.692924	-92.13087	42500	429	"1270"	"0.237007874"	"FRANKLIN MAXFIELD CITY OF READLYN"	175.38583	89.11496	86.27087	101.43937	71.33937	86.98189	65.88819					73.70945	97.173225	66.1252	70.86536	2.133071	62.09606	69.2063		"Franklin Maxfield City Of Readlyn"	"3"	175.38583	0.5081081	0.58710563	0.56899226	0.48269895	0.4729242	0.5239658	91.89619	83.48965	"FRANKLIN MAXFIELD CITY OF READLYN"
211	"143"	17	"Bremer"	969	19	17018	19017017018	"P"	"MAXFIELD TWP"	"MAXFIELD TWP Voting District"	"V2"	"G5240"	"S"	94103567	147	42.68795	-92.255554	42397	1314	"1270"	"0.762992126"	"FRANKLIN MAXFIELD CITY OF READLYN"	564.6142	286.88504	277.72913	326.56064	229.66063	280.0181	212.11182					237.29056	312.82678	212.8748	228.13464	6.866929	199.90393	222.7937		"Franklin Maxfield City Of Readlyn"	"3"	564.6142	0.5081081	0.58710563	0.56899226	0.48269895	0.4729242	0.5239658	295.8386	268.7756	"FRANKLIN MAXFIELD CITY OF READLYN"
212	"139"	17	"Bremer"	1308	19	17017	19017017017	"P"	"DENVER"	"DENVER Voting District"	"V2"	"G5240"	"S"	4243250	35146	42.669544	-92.33333	42298	1780	"1308"	"1"	"CITY OF DENVER"	699.0	361.0	338.0	411.0	289.0	216.0	117.0					286.0	406.0	326.0	297.0	2.0	304.0	303.0		"City Of Denver"	"3"	699.0	0.5164521	0.5871429	0.6486486	0.5232745	0.50082374	0.5552683	388.1326	310.8674	"City Of Denver"
213	"146"	17	"Bremer"	1023	19	17016	19017017016	"P"	"JEFFERSON TWP W/O DENVER"	"JEFFERSON TWP W/O DENVER Voting District"	"V2"	"G5240"	"S"	58725925	38650	42.680767	-92.365616	42212	1368	"1023"	"1"	"JEFFERSON TWP"	549.0	306.0	243.0	284.0	269.0	269.0	268.0					131.0	411.0	207.0	233.0	1.0	202.0	230.0		"Jefferson Twp"	"3"	549.0	0.55737704	0.5135624	0.5009311	0.47045454	0.4675926	0.5019835	275.589	273.411	"Jefferson Twp"
214	"140"	17	"Bremer"	615	19	17015	19017017015	"P"	"JANESVILLE IN BREMER COUNTY"	"JANESVILLE IN BREMER COUNTY Voting District"	"V2"	"G5240"	"S"	2631695	104286	42.64885	-92.46233	42149	803	"615"	"1"	"CITY OF JANESVILLE"	312.0	130.0	182.0	193.0	114.0	398.0	290.0					156.0	147.0	136.0	91.0	1.0	125.0	93.0		"City Of Janesville"	"3"	312.0	0.41666666	0.6286645	0.57848835	0.59911895	0.5733945	0.5592666	174.4912	137.5088	"City Of Janesville"
215	"145"	17	"Bremer"	512	19	17014	19017017014	"P"	"JACKSON TWP W/O JANESVILLE"	"JACKSON TWP W/O JANESVILLE Voting District"	"V2"	"G5240"	"S"	58800985	1285029	42.6639	-92.47458	42052	643	"512"	"1"	"JACKSON TWP (PART)"	244.0	124.0	120.0	144.0	97.0	194.0	109.0					75.0	165.0	117.0	108.0	2.0	120.0	104.0		"Jackson Twp (Part)"	"3"	244.0	0.5081967	0.5975104	0.64026403	0.52	0.53571427	0.5603371	136.7222	107.2778	"Jackson Twp (Part)"
216	"149"	17	"Bremer"	7867	19	17013	19017017013	"P"	"WAVERLY W/WASHINGTON TWP PART"	"WAVERLY W/WASHINGTON TWP PART Voting District"	"V2"	"G5240"	"S"	29197452	1298138	42.72529	-92.46871	41722	9880	"8334"	"0.943964483"	"WAVERLY WARD 1, 2, 3, 4, 5 & Washington TWP"	3085.8198	1476.3605	1609.4595	1849.2264	1225.2659	1182.7875	807.08966					1064.792	1993.653	1577.3646	1327.2141	35.87065	1495.2397	1364.0287		"Waverly Ward 1"	"3"	3085.8198	0.47843376	0.60147375	0.59440225	0.54306144	0.52294487	0.5480632	1691.224	1394.595	"Waverly Ward 1"
217	"149"	17	"Bremer"	467	19	17012	19017017012	"P"	"WASHINGTON TWP PART"	"WASHINGTON TWP PART Voting District"	"V2"	"G5240"	"S"	49891643	489760	42.70418	-92.48687	41633	601	"8334"	"0.056035517"	"WAVERLY WARD 1, 2, 3, 4, 5 & Washington TWP"	183.1801	87.63955	95.54056	109.773575	72.7341	70.2125	47.910366					63.208065	118.347015	93.635345	78.785934	2.1293497	88.76026	80.97132		"Waverly Ward 1"	"3"	183.1801	0.47843376	0.60147375	0.59440225	0.54306144	0.52294487	0.5480632	100.3943	82.78583	"Waverly Ward 1"
218	"147"	17	"Bremer"	477	19	17011	19017017011	"P"	"LAFAYETTE TWP"	"LAFAYETTE TWP Voting District"	"V2"	"G5240"	"S"	76873524	846445	42.785328	-92.50247	41547	618	"910"	"0.524175824"	"LAFAYETTE WARREN"	240.07253	112.17363	127.8989	156.20439	88.58572	258.94287	142.05165					84.91648	158.82527	125.27802	104.31099	1.0483516	112.17363	111.64945		"Lafayette Warren"	"3"	240.07253	0.46724892	0.63811564	0.64575166	0.5456621	0.50117093	0.5595899	134.3421	105.7304	"Lafayette Warren"
219	"147"	17	"Bremer"	433	19	17010	19017017010	"P"	"WARREN TWP"	"WARREN TWP Voting District"	"V2"	"G5240"	"S"	94976238	0	42.774216	-92.37678	41472	561	"910"	"0.475824176"	"LAFAYETTE WARREN"	217.92747	101.82637	116.1011	141.79561	80.41428	235.05714	128.94835					77.08352	144.17473	113.72198	94.68901	0.95164835	101.82637	101.35055		"Lafayette Warren"	"3"	217.92747	0.46724892	0.63811564	0.64575166	0.5456621	0.50117093	0.5595899	121.95	95.97747	"Lafayette Warren"
220	"141"	17	"Bremer"	971	19	17009	19017017009	"P"	"TRIPOLI"	"TRIPOLI Voting District"	"V2"	"G5240"	"S"	3650129	0	42.80833	-92.2579	41398	1313	"1550"	"0.626451613"	"DAYTON FREMONT CITY OF TRIPOLI"	489.88516	212.3671	277.51807	311.34647	177.28581	259.35098	189.18839					259.97742	224.26968	232.41354	155.98645	4.3851614	217.37871	164.13033		"Dayton Fremont City Of Tripoli"	"3"	489.88516	0.43350384	0.6371795	0.57821226	0.5983871	0.56978655	0.5634139	276.0081	213.8771	"Dayton Fremont City Of Tripoli"
